3650 4350
518 483 582 548 ιιι
677 479 735 548 ru
767 480 812 558 Q.
844 471 1195 566 crccrcrvrr

476 670 505 714 ιι
520 665 692 737 utrumque
707 652 768 717 effe
783 652 927 718 arbitror
939 623 1300 736 perspicuum,t²r'nou

517 781 659 850 utroque
677 769 803 844 dicam,
826 767 861 832 ὰ
885 768 928 830 de
946 786 991 830 eo
1012 749 1143 850 fitius,
1168 767 1303 849 quodauu

519 903 578 945 vos
595 882 768 964 plurimum
782 882 876 945 debet
895 881 1036 957 valere,
1063 880 1137 946 hoc
1152 877 1217 956 est,
1238 882 1306 944 deu·

519 995 647 1060 luotate
670 1015 804 1071 eorum,
833 994 954 1077 quibus
978 993 1128 1076 injuriae
1151 990 1244 1058 reue
1257 993 1308 1070 sunu

521 1128 661 1192 quorum
673 1108 762 1171 causa
773 1107 1162 1191 judiciumdepecuniie
1171 1111 1312 1190 repetundi

521 1221 567 1286 est
586 1223 803 1286 constitutum.
827 1219 972 1285 Siciliam
988 1221 1215 1304 provinciam
1228 1219 1315 1287 &Vn

523 1355 575 1401 res
585 1356 640 1416 per
651 1337 822 1400 triennium
834 1334 1059 1420 depopulatus
1073 1333 1317 1414 effe,Siculoruo

522 1450 673 1512 civitates
687 1448 834 1525 vastasse,
845 1451 957 1512 domos
970 1433 1186 1527 exinaniss'e,
1199 1449 1320 1532 faoafpo

523 1561 611 1627 liasse
624 1564 753 1624 dicitur.
786 1563 927 1638 Adsunt,
945 1571 1151 1650 queruntur
1165 1561 1268 1628 Siculi
1278 1565 1321 1627 nui

524 1673 624 1738 verli:
643 1679 682 1738 ad
702 1695 808 1739 meam
822 1676 938 1753 sidem,
956 1694 1062 1760 quam
1079 1678 1214 1743 habent
1234 1675 1324 1762 specte

522 1795 591 1851 tam
605 1786 689 1869 jam,
705 1785 740 1853 δι
759 1790 815 1854 diu
831 1790 1015 1872 cognitam,
1039 1793 1271 1876 confugiunt:
1291 1812 1327 1855 ao

526 1900 638 1964 uilium
664 1901 720 1969 fibi
745 1922 803 1987 per
828 1922 922 1966 mea
945 1903 1038 1968 vobis
1064 1913 1177 1990 atque
1203 1925 1225 1970 a
1244 1907 1329 1989 popuii

524 2014 665 2079 Romani
678 2015 802 2097 legibus
818 2025 951 2098 petunt:
971 2036 1026 2090 me
1036 2018 1255 2084 defensorem
1266 2021 1330 2083 cala·

525 2130 677 2194 mitatum
692 2129 821 2195 suarum
832 2177 840 2205 ,
851 2150 903 2205 me
911 2130 1050 2194 ultorem
1065 2130 1332 2214 injuriarum,mc

526 2245 726 2325 cognitorem
741 2243 823 2326 juris
841 2243 906 2321 sui,
927 2264 979 2308 me
998 2240 1150 2310 asturem
1178 2248 1285 2311 causae
1296 2256 1333 2309 to·

482 2380 517 2425 12
528 2357 595 2420 tius
611 2355 673 2420 effe
690 2358 873 2422 voluerunt.
903 2356 1038 2434 Utrum,
1063 2358 1111 2433 Q.
1125 2360 1267 2437 Caecili,
1286 2362 1333 2425 boc

525 2459 645 2545 dices,
659 2489 711 2534 me
728 2491 794 2535 noo
810 2467 993 2534 Siculorum
1012 2480 1132 2551 rogatu
1154 2476 1202 2537 ad
1220 2475 1334 2539 causam

525 2588 677 2647 accedere
689 2606 700 2661 ;
732 2603 773 2648 an
793 2584 990 2667 optimorum
1011 2583 1335 2672 fidelissimorumque

523 2696 683 2759 sociorum
709 2698 907 2762 voluntatem
932 2699 1017 2782 apud
1038 2697 1099 2761 hos
1122 2720 1266 2781 gravem
1283 2702 1334 2767 effe

525 2828 589 2873 non
606 2809 783 2892 oportere?
806 2809 839 2874 Si
855 2812 887 2874 id
900 2811 1032 2876 audebis
1047 2811 1178 2890 dicere,
1197 2819 1289 2898 quod
1303 2816 1334 2881 C.

525 2920 665 3000 Verres,
679 2924 732 2987 cui
741 2933 774 2988 te
784 2925 949 2988 inimicum
960 2924 1022 2988 esse
1032 2923 1186 3001 fimulas,
1197 2931 1336 2993 maxime

525 3037 698 3101 existimari
713 3038 799 3111 vult,
816 3036 941 3101 Siculos
955 3038 1016 3101 hoc
1030 3056 1049 3100 a
1063 3058 1115 3101 me
1129 3059 1198 3101 non
1214 3042 1336 3124 petisse:

523 3152 663 3233 primum
676 3152 802 3216 causam
813 3152 936 3216 inimici
946 3152 993 3215 tui
1010 3151 1208 3229 sublevabis,
1219 3157 1336 3238 dequo

523 3285 587 3328 non
609 3266 830 3348 prejudicium
847 3312 856 3342 ,
872 3266 942 3355 ⁵,sed
966 3267 1061 3349 plane
1084 3264 1245 3346 judicium
1269 3269 1335 3351 jam

521 3377 643 3444 fadtum
654 3388 806 3462 putatur,
822 3371 906 3464 ‘quod
922 3380 967 3442 ita
986 3379 1189 3463 percrebuit,
1203 3378 1335 3449 Siculos

520 3512 631 3555 omnes
650 3491 792 3557 aiiorern
808 3494 870 3557 suae
888 3493 991 3556 causae
1010 3503 1122 3557 contra
1141 3494 1231 3558 illius
1245 3496 1334 3580 inju-

475 3625 484 3668 ι
489 3626 504 3681 3
517 3603 580 3668 rias
593 3605 743 3690 quaefisie.
769 3608 840 3672 Hoc
849 3606 871 3672 sr
881 3617 932 3684 tu,
941 3604 1094 3673 inimicus
1106 3607 1192 3693 ejus,
1202 3607 1342 3677 fastum·
