3650 4350
458 508 547 577 «μ
771 434 1066 594 onAnru

470 659 704 758 pecuniam,
734 648 759 714 1⁴1
788 666 852 735 qua
868 585 1056 716 deberetur,
1089 653 1161 705 nou
1181 644 1367 744 peteret

510 778 585 865 qui,
609 770 703 880 quia,
733 763 820 847 quod
838 762 980 825 debitum
1001 747 1187 838 numquam
1209 753 1273 832 est,
1303 756 1329 824 id

515 894 629 956 datum
646 902 712 946 ιιοιι
729 876 794 956 est,
816 890 882 938 non
897 871 1066 959 pecuniam
1081 867 1202 946 modo,
1227 887 1331 939 vernn
1368 961 1373 970 ¹

518 1003 618 1070 etiarn
626 994 770 1061 hominis
783 988 953 1074 propinqui
960 985 1149 1068 sangumem
1165 982 1333 1064 vitamque

521 1116 647 1197 eripere
662 1087 826 1173 conatur?
850 1103 938 1166 Huic
948 1113 986 1164 tu
1001 1094 1159 1164 molestus
1172 1094 1241 1161 esse
1256 1097 1335 1163 vide·

521 1231 600 1296 licet
617 1219 754 1291 noluisti,
777 1233 873 1294 quem
890 1234 975 1278 nunc
988 1211 1138 1294 respirate
1155 1209 1267 1273 libere
1280 1229 1336 1273 non

525 1337 627 1408 finis?
656 1350 751 1415 quem
775 1345 861 1387 nunc
881 1325 1064 1390 interficere
1081 1322 1213 1387 nefarie
1232 1322 1339 1406 cupis,
1373 1303 1378 1312 ⁸

528 1473 603 1521 eum
627 1455 665 1509 tu
696 1440 872 1522 prudenter
897 1439 1060 1520 appellare
1081 1434 1255 1500 nolebas?
1297 1437 1341 1500 lu

482 1536 484 1540 Ι
524 1564 634 1630 credo.
655 1549 1074 1632 hominempropinquum,
1098 1550 1339 1614 tuiobservan·

441 1677 445 1690 ¹
529 1667 751 1749 tem,.virum
776 1663 917 1737 bonum,
953 1664 1155 1743 pudentem,
1186 1662 1340 1744 majorem

529 1799 627 1857 natu,
657 1777 811 1853 nolebas,
842 1783 897 1838 aut
921 1796 987 1839 non
1006 1778 1149 1841 audebas
1169 1757 1339 1860 apneliare.

528 1900 627 1979 saepe,
649 1898 686 1953 ut
702 1886 760 1965 fit,
782 1910 855 1952 cum
870 1891 934 1973 lpse
955 1901 987 1954 te
1003 1887 1254 1965 confir-mattea,
1274 1910 1340 1968 curu

408 2075 412 2084 ,
530 2003 687 2077 statuisses
703 2003 742 2065 de
755 2005 891 2086 pecunia
905 2005 1102 2068 mentionem
1119 2004 1252 2080 facere,
1275 2024 1343 2068 curn

530 2128 662 2211 paratus
672 2108 904 2200 meditatusque
915 2116 1067 2194 venissem
1089 2118 1345 2193 homotimidus‚

532 2232 681 2316 virginali
699 2232 902 2305 verecundia,
927 2230 1027 2294 subito
1041 2230 1103 2315 ipse
1117 2241 1150 2293 te
1166 2234 1345 2297 retinebas:

533 2347 702 2425 excidebat
715 2359 847 2425 repente
862 2345 978 2411 oratio.
1002 2365 1077 2407 cum
1088 2364 1229 2426 cuperes
1242 2345 1346 2431 appel·

426 2504 443 2513 -
533 2465 623 2537 lare,
655 2480 720 2521 non
737 2457 899 2533 audebas,
929 2478 971 2521 ne
989 2457 1110 2522 invitus
1129 2458 1272 2523 audiret.
1317 2457 1349 2523 id

474 2617 527 2681 η
536 2582 606 2641 erat
619 2568 776 2656 profesto.
821 2571 997 2637 Credamus
1011 2571 1084 2646 huc,
1095 2568 1170 2636 Sex.
1179 2552 1347 2649 Naeuium,

493 2715 528 2770 40
537 2687 630 2770 cujus
646 2692 745 2769 capnt
760 2692 933 2766 oppugnet,
942 2689 1011 2768 ejus
1030 2684 1168 2749 auribus
1185 2685 1348 2769 pepercis-

490 2840 494 2866 ι
535 2801 578 2865 se.
624 2797 845 2873 Sidebuiffet,
875 2793 989 2874 Sexte,
1017 2795 1146 2881 petisses
1168 2796 1297 2877 statim
1328 2797 1349 2861 fi

535 2933 602 2977 non
619 2911 734 2984 statim,
757 2912 851 3005 pauiu
864 2911 993 2994 quidem
1012 2910 1101 2994 post;
1125 2908 1228 2975 finon
1238 2914 1351 2995 paulu,

537 3033 571 3087 at
585 3026 770 3107 aliquaut03
794 3023 845 3087 sex
860 3026 991 3106 quidem
1012 3027 1076 3089 iilis
1096 3022 1259 3121 mentibus
1275 3045 1352 3109 pro·

407 3130 411 3135 ’
530 3136 648 3208 ’ἱεθιοι
670 3158 754 3200 anno
770 3136 989 3203 vertentefine
1005 3136 1233 3204 controverfia.
1279 3141 1353 3203 An-

536 3271 580 3316 no
597 3249 632 3315 &
652 3250 704 3314 sex
727 3249 885 3315 menfibus
901 3271 997 3327 veru,
1028 3272 1103 3318 cum
1121 3252 1180 3317 tibi
1200 3244 1350 3334 quotidie

535 3362 675 3447 potestas
690 3364 830 3428 hominis
841 3360 948 3428 fuiffet
964 3348 1178 3442 admonendi,
1210 3367 1351 3432 verbum

534 3477 657 3541 nullum
672 3478 771 3542 facis:
794 3476 924 3542 biennio
931 3474 997 3558 jam
1012 3476 1160 3544 conicito
1176 3482 1262 3555 fere,
1288 3500 1351 3563 ap-

421 3580 425 3587 ’
471 3623 473 3625 .
531 3589 644 3675 pellas.
689 3590 772 3668 Quis
787 3591 1007 3677 tamperditus
1017 3569 1212 3676 acprofusus
1224 3611 1347 3676 nepos,
