3650 4350
489 439 598 596 ,ᾗ
717 485 785 558 ru
835 481 1128 552 vernon
1232 575 1236 583 ¹

478 711 515 772 4⁹
527 675 678 760 ,defeatur
695 658 784 724 istius
802 658 955 758 prandia,
973 677 1102 739 coenas,
1116 677 1320 748 equos,mu.

507 795 660 858 ¹neroque
671 772 945 836 commemorem?
968 772 1059 838 Nihil
1073 796 1147 840 cum
1160 774 1265 842 Verre
1280 782 1321 844 de

516 885 716 973 quotidianis
738 881 927 972 criminibus
958 887 1090 953 ailurus
1112 889 1190 954 sum.
1238 891 1319 958 Chio

515 1017 572 1087 per
591 999 656 1062 vim
682 994 770 1080 ligna
794 1000 1010 1083 pulcherrima
1036 1003 1107 1065 dico
1138 1001 1317 1069 abstulisset

513 1112 593 1176 item
622 1111 802 1197 Erythris,
835 1111 870 1177 dt
901 1113 1135 1179 Halicarnasso.
1180 1116 1318 1182 Tenedo

419 1297 422 1306 Ι
466 1249 469 1258 ·
513 1223 699 1308 (praetereo
714 1227 902 1311 pecuniam,
919 1248 1013 1310 quam
1030 1230 1170 1315 eripuit)
1190 1228 1319 1295 Tenem

511 1337 636 1425 ipsum,
652 1339 707 1425 qui
725 1343 808 1424 apud
825 1338 988 1406 Tenedios
1003 1340 1211 1415 santiiffimus
1226 1344 1319 1410 Deus

512 1451 669 1531 habetur,
693 1453 749 1536 qui
765 1456 876 1518 urbem
889 1454 977 1517 illam
991 1457 1106 1518 dicitur
1124 1456 1316 1536 condidisse,

513 1570 607 1652 cujus
628 1589 668 1631 ex
686 1568 816 1631 nomine
832 1562 986 1633 Tenedus
1001 1571 1204 1633 nominatur:
1227 1571 1315 1635 hunc

511 1676 1317 1765 ipsum,inquam,Tenem,pulcherrimefaftum.

514 1815 611 1878 quem
636 1797 800 1878 quondam
821 1793 855 1857 in
873 1796 1005 1859 comitio
1027 1795 1163 1874 vidistis,
1185 1797 1316 1864 abstulit

471 1935 505 1993 50
515 1928 632 1993 magno
652 1925 727 1971 cum
746 1907 869 1990 gemitu
890 1906 1045 1973 civitatis.
1085 1909 1146 1974 llla
1163 1931 1241 1975 vero
1260 1934 1316 1977 ex·

512 2023 668 2109 pugnatio
691 2021 758 2086 fani
780 2018 985 2105 antiquiliimi
1006 2019 1041 2087 dt
1060 2021 1243 2090 nobilissimi
1259 2027 1317 2101 Ju-

513 2138 607 2203 nonis
632 2135 770 2213 Samiae,
796 2153 892 2220 quam
915 2134 1060 2201 ludtuosa
1083 2135 1200 2202 Samiis
1224 2137 1316 2206 fuit?

513 2274 610 2336 qnam
634 2250 749 2316 acerba
774 2245 837 2314 toti
862 2246 978 2314 Afiae?
999 2269 1100 2333 quam
1121 2254 1207 2316 clara
1228 2252 1316 2338 apud

514 2364 651 2431 omnes?
674 2382 773 2447 quam
791 2363 912 2427 nemini
928 2363 1066 2428 velitum
1084 2364 1255 2431 inaudita?
1275 2368 1316 2432 de

512 2498 576 2562 qna
599 2456 837 2562 expugnatione
862 2492 937 2541 cum
958 2476 1059 2558 legati
1079 2474 1120 2542 ad
1144 2480 1181 2543 C.
1207 2476 1317 2545 Nero·
1348 2524 1355 2537 .

510 2614 586 2659 nem
610 2596 644 2656 in
667 2591 774 2655 Asiam
798 2589 893 2655 Samo
918 2588 1098 2669 veniffent3
1130 2593 1315 2676 responsum

512 2705 677 2781 tulerunt,
693 2702 848 2788 ejusmodi
863 2705 1099 2786 querimonias,
1118 2724 1194 2787 quae
1210 2707 1252 2772 ad
1265 2707 1315 2773 le-

512 2833 626 2904 gatum
646 2821 759 2903 populi
782 2817 919 2882 Romani
938 2817 1159 2901 pertinerent,
1184 2838 1250 2883 non
1273 2820 1335 2895 ad,

511 2945 713 3020 praetorem,
743 2928 795 2998 sed
829 2932 964 2996 Romam
996 2928 1114 2996 deferri
1147 2940 1312 3015 oportere.

512 3049 587 3126 Qua
609 3050 698 3114 dere
714 3038 940 3114 Charidemum
958 3045 1074 3111 Chium
1094 3044 1313 3111 testimonium

510 3166 619 3249 priore
631 3158 758 3229 astione
774 3159 880 3226 dicere
899 3158 1048 3223 audistis:
1074 3157 1155 3236 sele,
1173 3178 1248 3223 eum
1266 3159 1313 3223 es-

507 3278 554 3344 set
568 3278 785 3353 trierarchus,
804 3273 839 3340 dt
856 3270 990 3341 Verrem
1008 3288 1047 3338 ex
1065 3270 1139 3336 Asta
1154 3274 1315 3337 deceden-

506 3401 574 3459 tem
587 3391 850 3475 prosequeretur,
860 3386 947 3469 juffu
956 3388 1132 3452 Dolabellae
1141 3384 1234 3451 fuifl‘e
1244 3406 1313 3451 una

508 3526 580 3570 oum
605 3504 662 3568 iim
677 3501 783 3580 Sami;
810 3500 936 3587 seseque
952 3505 1022 3566 tum
1042 3500 1122 3564 scire
1139 3494 1312 3583 spoliatum
1328 3578 1334 3588 υ

509 3615 571 3686 eise
596 3622 710 3685 fanum
735 3613 873 3696 Junouis
897 3615 932 3683 dt
962 3617 1116 3702 oppidum
1148 3611 1281 3680 Samum
1302 3628 1311 3675 t
