3650 4350
410 384 413 390 ¹
495 431 575 511 ’4Ἰ
778 413 1088 488 oR‘AfroR.

465 579 523 666 26
533 597 674 682 quidque
687 596 908 681 pronuntient.
952 593 1040 661 Huic
1053 569 1173 676 generi·
1183 591 1345 658 oratiouir

487 696 522 755 ⁸⁷
532 710 758 797 adspergentur
773 712 871 775 etiam
891 710 988 789 salea,
1011 706 1118 794 quiin
1134 693 1280 773 dicendo
1297 707 1345 772 oi·'

529 827 631 891 mium
654 836 807 909 quantum
828 824 957 890 valent:
980 840 1119 909 quorum
1137 821 1205 886 duo
1223 840 1345 906 genera

527 939 617 1016 suut,
639 957 741 1004 unum
756 938 964 1016 facetiarum,
986 937 1127 1004 alterum
1141 934 1343 1006 dicacitatis.

528 1053 640 1118 utetur
661 1062 818 1135 utroque;
841 1052 893 1117 sed
913 1052 1016 1117 altero
1037 1052 1072 1115 in
1090 1047 1258 1114 narranilo
1283 1049 1344 1115 ali·

469 1141 496 1253 ᾗ
529 1170 609 1252 quid
626 1167 778 1244 venuste,
801 1166 904 1231 altero
923 1165 957 1234 in
972 1163 1136 1248 iaciendo,
1158 1161 1344 1230 mittendo·

528 1300 594 1364 qne
617 1280 770 1345 ridiculo:
793 1278 886 1361 cuiun
909 1296 1027 1361 genera
1046 1278 1141 1362 plura
1159 1277 1261 1357 snot3
1288 1275 1343 1343 sed

480 1399 517 1456 aa
530 1413 615 1457 nnnc
627 1393 715 1460 aliud
728 1394 865 1476 agimus.
889 1393 976 1460 Illud
989 1393 1200 1458 admonemus
1210 1385 1344 1471 tamen,

527 1507 665 1572 ridiculo
686 1505 727 1569 fic
747 1506 875 1573 uiurum
893 1514 1077 1585 oratorem,
1099 1513 1137 1569 ut
1158 1523 1220 1571 uec
1238 1503 1344 1598 nimia

525 1621 709 1711 irequeni,
739 1640 781 1686 ne
804 1621 934 1686 scurrile
955 1618 1012 1702 fit;
1036 1639 1096 1685 neo
1112 1617 1343 1696 subobicoeno,

526 1754 568 1800 ne
583 1735 767 1811 mimicum
790 1753 851 1800 nec
869 1734 1045 1817 petulanti,
1067 1752 1109 1799 ne
1125 1730 1341 1818 improbum

524 1868 586 1914 uec
603 1850 636 1911 in
657 1848 891 1925 calamitatem,
915 1868 956 1914 oe
971 1844 1200 1924 inhumanum
1223 1845 1343 1911 necin

523 1956 660 2037 lacinus,
683 1983 724 2026 ne
739 1964 805 2027 odii
820 1963 932 2029 locum
949 1961 1028 2029 risua
1045 1966 1202 2044 occupet3
1224 1977 1342 2045 neque

523 2073 581 2142 lut
595 2078 649 2142 sua
670 2077 820 2161 persona,
843 2085 899 2141 aut
922 2075 1085 2159 iudicum,
1108 2080 1167 2139 aut
1184 2061 1342 2154 temporo

464 2182 469 2201 “
523 2194 678 2258 alienum.
696 2193 782 2254 .haec
797 2190 885 2254 euim
904 2191 946 2255 ad
967 2190 1048 2257 illud
1067 2187 1258 2252 indecorum
1282 2206 1340 2254 re-

478 2303 685 2368 referuntur.
741 2300 868 2367 Vitabit
898 2302 998 2369 etlam
1021 2298 1177 2385 quaefita,
1209 2319 1274 2364 uec
1293 2321 1341 2366 ex

522 2424 668 2498 tempore
682 2412 769 2490 fieta,
786 2415 838 2480 sed
852 2417 948 2479 domo
961 2415 1076 2480 allata:
1099 2434 1175 2499 quae
1184 2413 1341 2498 plerum-

522 2548 589 2612 que
604 2528 676 2593 sunt
690 2528 818 2611 frigida.
862 2527 1023 2594 Parcet&
1039 2527 1208 2606 amicitiia,
1230 2523 1267 2591 ἂ
1284 2526 1341 2592 uia

485 2685 488 2690 -
521 2642 718 2724 gnitatibua:
749 2641 863 2706 vitabit
884 2642 1074 2708 insanabiles
1096 2639 1338 2708 contumelias:

398 2822 400 2826 Α
520 2756 744 2819 tantummodo
764 2756 960 2821 adversarios
982 2755 1082 2840 figet,
1112 2774 1172 2821 nec
1198 2769 1254 2819 eoa
1280 2744 1338 2819 tass

521 2887 597 2931 men
619 2848 757 2951 semper,
782 2890 841 2933 nec
863 2890 993 2948 omnes,
1022 2890 1082 2934 nec
1105 2866 1195 2933 omui
1217 2867 1333 2933 modo.

521 2981 637 3065 quibua
653 2983 795 3066 exceptio
815 2981 857 3046 lic
873 2993 982 3048 utetur
995 2984 1058 3048 sale
1072 2981 1105 3048 δι
1122 2979 1267 3059 lacetiia,
1290 2988 1335 3046 ut

474 3163 487 3172 ¹*
520 3115 581 3178 ego
605 3116 646 3159 err
663 3094 729 3160 istis
751 3097 843 3161 novia
861 3097 980 3161 Atticis
999 3096 1097 3160 talem
1120 3093 1333 3178 cognoverim

519 3210 700 3286 neminem,
723 3230 796 3274 curn
810 3211 842 3274 id
857 3219 945 3276 certe
959 3208 996 3274 fir
1013 3209 1064 3275 vel
1081 3209 1221 3273 maxime
1237 3206 1331 3271 Atti-

472 3349 507 3409 9⁰
520 3341 605 3388 curn.
635 3322 728 3388 Hanc
741 3343 801 3406 ego
812 3323 922 3406 judico
937 3327 1074 3389 formam
1090 3318 1240 3387 summiffi
1253 3322 1330 3384 orass·

517 3436 616 3513 toria,
628 3450 630 3457 ·
641 3436 694 3501 led
714 3437 823 3518 magni
841 3445 969 3525 tamen,
993 3434 1028 3502 ὅτ
1043 3419 1189 3530 germani
1204 3434 1330 3498 Attieia

418 3570 478 3714 ι
513 3529 867 3642 commorationi
881 3550 1072 3632 euroram,
1092 3543 1346 3614 aneatorum
