3650 4350
451 594 454 600 .
581 506 625 574 o
775 524 779 540 ·
843 490 1124 560 onnrro
1218 481 1273 500 ⁰·

582 664 761 734 adsuetum
784 664 856 731 effe.
896 668 984 744 Quid
1008 686 1086 750 ergo
1109 643 1199 733 est'?
1223 666 1278 732 ita
1299 672 1391 733 temen

583 780 724 867 quaestur
737 789 771 845 te
783 780 937 863 cupidum
945 778 1007 844 effe
1020 764 1220 862 oportebat,
1232 792 1276 845 ut
1287 783 1389 846 horon

582 894 848 963 existimationem
873 891 906 956 ἃ
928 894 1031 975 legem
1051 893 1250 958 Remmiam
1272 904 1391 978 putarer

516 1022 573 1089 20
585 1008 706 1092 aliquid
722 1007 828 1072 valere
842 1016 1004 1089 oportere.
1035 1006 1268 1071 Accusatores
1287 1010 1391 1071 multon

583 1121 648 1188 esse
664 1123 698 1186 in
715 1120 847 1184 civitate
868 1120 951 1182 utile
966 1116 1029 1205 esi,
1047 1129 1087 1181 nt
1105 1125 1204 1184 metu'
1228 1121 1391 1184 continer-

580 1247 636 1301 tur
658 1234 811 1299 audacia:
834 1240 1054 1295 verumtamen
1070 1232 1134 1294 hoc
1155 1234 1205 1295 ite
1227 1233 1279 1312 est
1297 1234 1390 1311 utile,
1421 1267 1423 1282 ,

580 1359 618 1416 ut
637 1369 678 1413 ne
694 1347 787 1430 piane
802 1346 979 1409 illudamur
996 1346 1035 1408 ab
1051 1344 1320 1409 accusatoribus.
1343 1347 1391 1411 Io·
1422 1389 1424 1396 ‚

555 1465 557 1470 ’
580 1481 701 1529 nocens
710 1458 753 1523 est
763 1458 1388 1541 quispiam.verumtamen,quamquam

580 1574 665 1641 obest
688 1573 844 1653 aculpa,
868 1546 1041 1653 suspicione
1064 1577 1173 1634 tamen
1197 1590 1271 1635 non
1292 1580 1388 1637 caret.

579 1681 704 1776 temetsi
719 1685 869 1748 miserum
885 1682 948 1760 est,
966 1692 1073 1747 tamen
1088 1682 1137 1759 ei,
1154 1682 1215 1766 qui
1232 1684 1327 1749 hune
1342 1705 1390 1749 ro·

467 1836 471 1847 ‹
580 1801 694 1876 cuset,
717 1794 827 1881 possrm
851 1796 1074 1879 aliquomodo
1099 1796 1282 1883 ignoscere.
1317 1819 1385 1862 cum

578 1913 666 1979 enim
687 1911 807 1994 aliquid
829 1910 975 1984 habente
989 1911 1076 1992 quod
1096 1906 1191 1993 possit
1214 1910 1386 1975 criminose

504 2053 506 2056 ¹
577 2045 616 2092 ec
633 2024 797 2109 suspiciose
815 2024 942 2098 dicere,
967 2032 1076 2104 aperte
1094 2018 1256 2087 ludificari
1277 2025 1315 2089 ἀ
1336 2044 1385 2088 ea·

419 2216 428 2226 ,
534 2155 569 2227 56
577 2139 727 2207 somniari
747 2096 847 2203 istene
864 2157 928 2200 non
953 2136 1111 2200 videatur.
1150 2134 1265 2210 Quare
1290 2138 1384 2204 facile

542 2245 545 2250 ’
577 2253 857 2337 omneeprtimur,
867 2248 929 2316 esse
944 2248 1196 2333 quamplurimos
1211 2252 1383 2317 aecusato-

575 2388 647 2445 res3
667 2366 754 2449 quod
771 2364 926 2428 innocens
936 2359 983 2438 ,fi
1004 2361 1171 2427 accusatus
1185 2359 1242 2439 fit,
1261 2363 1384 2430 absolvi

540 2513 542 2516 ·
574 2477 703 2567 potest3
726 2495 865 2552 nocens,
890 2471 947 2538 nist
970 2475 1135 2539 accusatur
1156 2475 1279 2554 suerit,
1305 2498 1384 2542 eon·

572 2591 718 2658 semnari
734 2607 799 2653 non
810 2587 923 2672 potest.
944 2584 1064 2652 Utilius
1077 2586 1121 2652 est
1133 2596 1245 2653 autem
1256 2590 1382 2656 absolvi

571 2704 798 2778 innocentem,
811 2721 907 2786 quam
921 2709 1091 2765 nocentem
1106 2700 1232 2765 causam
1248 2723 1318 2767 non
1332 2707 1381 2769 di·

572 2836 658 2883 cere.
683 2815 855 2880 Anseribus
869 2814 988 2878 cibaria
1005 2815 1130 2897 publice
1150 2814 1324 2893 locantur,
1345 2817 1381 2884 &

572 2949 670 2995 canes
685 2927 814 2994 aluntur
829 2928 863 2991 in
879 2900 1058 3009 Capitolio,
1076 2934 1113 2990 ut
1128 2924 1329 3008 fignifieent,
1355 2929 1379 2993 sr

549 3037 556 3051 ’
571 3046 662 3111 sures
678 3042 832 3108 venerint.
845 3039 890 3104 At
902 3042 991 3105 fureo
1003 3039 1214 3105 internoscere
1226 3061 1293 3104 non
1305 3043 1380 3125 pos·

569 3157 654 3222 sunt.
676 3152 853 3238 significant
867 3148 1028 3234 tamen,s1
1045 3153 1102 3237 qui
1117 3150 1215 3217 nosiu
1232 3152 1266 3216 in
1279 3154 1380 3239 Capi-

534 3340 536 3348 !
567 3269 684 3333 tolium
697 3269 867 3353 venerint:
887 3265 921 3331 ἃ
930 3310 940 3342 ,
950 3267 1028 3350 quia
1044 3267 1076 3330 id
1091 3265 1135 3331 est
1148 3265 1378 3350 suspiciosum,

567 3377 691 3445 tametfi
701 3354 808 3451 bestiee
823 3379 1030 3452 sunt,tamen
1041 3380 1074 3443 in
1089 3399 1160 3443 eam
1174 3388 1301 3461 partem
1313 3399 1377 3465 po-

564 3494 632 3558 tius
654 3501 804 3572 peccant,
828 3510 900 3575 qnae
922 3489 966 3555 est
990 3493 1126 3556 cautior.
1155 3491 1275 3567 Quodsr
1299 3494 1377 3560 luce

567 3619 701 3693 quoqne
720 3625 815 3672 canen
836 3602 977 3684 latrent,
999 3623 1076 3670 cum
1097 3605 1175 3670 deos
1195 3604 1372 3672 salutatum
