3650 4350
465 486 468 492 ’
593 534 658 609 132
745 510 821 582 so
865 506 1246 582 rnnnsrrvsr

595 690 683 753 uliud
697 689 815 772 egitur,
837 690 926 755 uliud
940 688 1124 765 finulntur3
1147 707 1349 755 enumerare
1361 690 1393 755 ll·'

594 812 665 880 cet,
688 806 805 885 quibus
824 803 857 867 id
876 804 980 867 modis
995 802 1071 865 fist:
1093 802 1216 865 deinde
1233 802 1272 865 in
1289 823 1394 867 eorusr

593 916 733 996 aliquem
752 917 805 994 ld,
827 919 915 999 quod
933 934 1049 996 urgues
1064 915 1136 978 dolo
1150 914 1244 978 malo
1264 914 1394 994 indtuu,

591 1030 774 1094 includere:
804 1031 892 1110 quod
912 1048 1013 1111 genus
1032 1028 1215 1111 argumenti
1231 1028 1270 1091 in
1289 1030 1395 1112 prinis

590 1142 721 1206 firmum
736 1142 837 1205 videri
852 1140 942 1205 solet.
1114 1205 1120 1215 ,

527 1266 580 1322 10
655 1253 841 1318 Similitudo
858 1254 1020 1338 sequitur,
1041 1272 1114 1337 quse
1126 1253 1193 1317 lrte
1209 1259 1329 1335 pstet3
1353 1253 1398 1320 led

545 1361 578 1417 ⁴¹
591 1366 773 1429 oratoribus
787 1365 820 1430 dr
834 1367 1027 1450 philosophis
1045 1366 1158 1447 magis,
1173 1384 1281 1445 quum
1297 1367 1397 1433 vobis.

589 1476 656 1544 Etfi
677 1480 763 1542 enirn
783 1500 894 1544 ornnes
916 1480 981 1544 loci
1001 1480 1072 1543 lunt
1088 1478 1236 1541 omniurn
1253 1480 1397 1562 disputo·

588 1592 732 1668 tionum,
756 1595 795 1657 ad
810 1588 1259 1675 argumentosuppeditsndn‚
1284 1601 1395 1659 tamen

589 1704 662 1767 aliis
679 1704 943 1787 disputationibus
966 1704 1177 1768 abunduntius
1196 1714 1393 1783 occurrunt,

514 1867 518 1874 .
587 1817 659 1880 aliis
673 1816 848 1898 angustius.
882 1818 998 1900 Itaque
1015 1835 1130 1900 genera
1146 1815 1206 1879 tibi
1217 1827 1301 1880 nota
1313 1818 1392 1885 srutz

587 1930 644 1993 ubi
660 1939 767 2022 autern
783 1931 834 1995 his
850 1938 960 2008 utare,
981 1928 1174 2012 quaelliones
1187 1929 1265 2011 ipsae
1280 1939 1319 1996 te
1332 1933 1389 1994 sd-

539 2056 576 2115 42
586 2045 770 2110 monebunt.
823 2041 907 2110 Sunt
927 2045 1012 2108 enirn
1033 2041 1276 2121 similitudines,
1313 2064 1389 2127 quae
1415 2089 1418 2095 -

583 2180 624 2224 es
642 2159 784 2245 pluribus
800 2158 1024 2224 collationibus
1042 2155 1233 2241 perveniunt
1246 2175 1315 2240 quo
1332 2179 1388 2224 vo·

582 2272 669 2351 lunt,
692 2275 753 2336 hoo
766 2276 879 2335 modo:
903 2269 938 2333 Si
950 2279 1040 2333 tutor
1054 2269 1150 2333 fidem
1163 2268 1318 2352 proestare
1331 2272 1388 2336 de·

580 2385 652 2458 bet,
674 2382 833 2456 fisocius,
855 2380 897 2458 fi,
921 2384 974 2443 cui
990 2383 1162 2460 mandaris,
1182 2380 1278 2465 fiqul
1294 2383 1385 2450 fidu·

579 2493 665 2554 cison
701 2494 883 2574 occeperitt
919 2495 1013 2560 debet
1046 2497 1144 2560 etiarn
1176 2506 1383 2578 procurator.

484 2617 486 2621 ’
580 2602 663 2666 Haec
684 2626 723 2668 ex
746 2606 892 2688 pluribus
913 2610 1101 2690 perveniens
1125 2629 1188 2691 quo
1207 2609 1294 2684 vult,
1324 2629 1382 2694 sp·

577 2717 715 2800 pellatur
735 2718 897 2784 induttio:
921 2740 994 2804 quae
1017 2699 1130 2786 Graece
1153 2720 1296 2809 ἐπαγωγὴ
1321 2743 1383 2788 no·

576 2829 736 2924 minatur3
760 2852 822 2916 qua
839 2825 1011 2916 plurin'rurn
1026 2835 1071 2899 est
1089 2818 1211 2899 usus‘in
1225 2834 1380 2901 sermoni-

531 2943 638 3014 libus
657 2940 814 3010 Socrates.
857 2948 1010 3013 Alterum
1036 2946 1253 3012 firnilitudlnis
1274 2968 1379 3032 genus

574 3057 746 3123 collatione
767 3060 928 3139 sumitur,
950 3081 1025 3126 cum
1048 3081 1114 3125 unu
1138 3081 1191 3124 res
1213 3060 1295 3137 uni,
1317 3080 1377 3145 por

571 3170 642 3255 pari
664 3182 866 3256 comparatur
877 3219 889 3253 ,
918 3171 981 3237 hoc
1002 3175 1122 3237 ruodo:
1154 3173 1377 3250 Quemadmo·

570 3287 667 3362 dum,
690 3282 713 3347 fi
736 3287 770 3348 ln
790 3288 870 3362 urbe
890 3287 930 3349 de
948 3284 1065 3350 finibus
1082 3285 1296 3353 controverfia
1309 3287 1374 3366 est,

571 3398 647 3479 quir
660 3396 741 3461 fines
759 3399 860 3481 mugio
870 3416 1020 3479 agrorum
1032 3398 1259 3477 videnturess'n
1272 3418 1371 3484 quarn
1412 3400 1415 3409 '

567 3509 668 3582 urbis,
691 3509 809 3597 finibus
826 3511 977 3592 regundis
991 3511 1119 3594 adigere
1132 3513 1291 3577 arbitrum
1305 3533 1372 3584 non

553 3617 658 3706 pollis
668 3645 684 3719 3
714 3618 761 3690 lic
770 3669 783 3709 ,
805 3621 941 3722 linquo
965 3624 1083 3710 pluvio
1101 3624 1144 3688 in
1163 3621 1250 3685 uiue
1269 3628 1413 3718 noum.

732 3770 749 3789 .·
835 3754 848 3789 N
