3650 4350
577 519 646 595 us
843 501 1139 576 ORATIO

580 682 730 750 comoedo
747 681 808 746 usu
825 681 935 747 venit:
959 681 1017 767 qui
1033 681 1265 768 posteaquam
1284 705 1303 747 ο
1319 683 1390 751 suem

579 817 648 864 uon
656 798 752 862 modo
762 795 877 870 iibilis,
895 795 947 859 sed
960 797 1062 860 etium
1074 799 1242 862 convicio
1259 801 1391 881 explode·

579 913 700 988 uatum
722 908 806 974 ficut
819 909 854 971 in
870 928 977 984 aram,
1002 908 1161 992 confugit
1178 912 1218 976 iu
1234 911 1337 994 hujus
1350 916 1392 977 do·

520 1065 527 1078 ·
581 1022 1322 1106 mum,disciplinampatrocinium,nomen.
1341 1026 1393 1092 Iti·

580 1157 646 1222 que
666 1136 816 1221 perbrevi
836 1143 1003 1217 tempore,
1027 1133 1086 1220 qui
1099 1155 1150 1199 ne
1173 1137 1214 1200 in
1231 1136 1391 1202 novistimis

583 1253 714 1339 quidem
726 1257 795 1313 erat
805 1246 1030 1324 histrionibus,
1047 1249 1091 1312 ad
1104 1250 1247 1332 primos
1265 1254 1393 1335 pervenit

534 1364 762 1449 21c0moed0s.
793 1361 876 1437 Quae
892 1381 945 1425 res
960 1361 1079 1425 extulit
1092 1361 1208 1428 eum?
1230 1363 1308 1430 Una
1322 1385 1390 1429 com·

582 1477 746 1546 mendatio
763 1476 874 1557 hujus:
896 1475 951 1557 qui
964 1485 1073 1537 tamen
1085 1476 1293 1561 Panurgum
1306 1479 1391 1554 iilum,

582 1613 650 1659 non
667 1592 768 1654 solum
788 1596 824 1650 ut
839 1588 945 1651 Roscii
960 1588 1139 1670 discipulus
1158 1589 1389 1656 fuiffe'iicere·

582 1715 657 1782 tur,
673 1705 803 1767 domum
821 1702 964 1784 recepit,
984 1702 1155 1765 sedetiam
1173 1703 1309 1768 summo
1327 1726 1388 1770 cuu

581 1820 712 1893 imore,
726 1815 907 1892 stomacho,
926 1812 1117 1899 miseriaque
1133 1817 1282 1883 erudiit.
1305 1817 1390 1895 Nam,

583 1953 651 2019 quo
668 1929 801 2017 quisque
816 1928 858 1993 est
874 1926 1077 1992 sollertior&
1092 1929 1321 2010 iugeniofior‚
1337 1933 1388 1996 hoe
1405 1913 1408 1920 ¹

580 2051 679 2113 docet
701 2041 942 2107 iracundius&
966 2037 1166 2106 laboriofiuu.
1194 2047 1290 2127 quod
1314 2045 1389 2109 enim

582 2160 648 2245 ipse
672 2155 987 2238 celeriterurripuit,
1012 2154 1045 2219 id
1062 2174 1140 2218 cum
1156 2158 1256 2222 tarde
1277 2159 1387 2242 percipi

581 2276 671 2342 videt
678 2270 915 2352 ,discruciatum
932 2269 1030 2332 Paulo
1047 2268 1176 2350 longius
1193 2272 1310 2337 oratio
1324 2290 1386 2337 met

580 2384 734 2473 provesta
744 2382 788 2447 est
802 2383 861 2445 hac
877 2385 917 2446 de
931 2380 1023 2445 causa
1031 2426 1041 2457 ‚
1051 2388 1089 2443 ut
1100 2384 1334 2451 conditionem
1347 2386 1388 2451 so·

532 2528 572 2586 3²
583 2501 708 2566 cietatis
721 2497 889 2578 dingenter
903 2493 1148 2576 cognosceretis.
1172 2496 1266 2571 Quae
1277 2500 1387 2564 deindo

581 2613 655 2677 sunt
678 2607 875 2672 consecuta?
906 2607 1111 2687 Panurgum,
1129 2608 1264 2691 inquit,
1284 2612 1385 2688 hunc,

579 2725 705 2813 furvum
720 2741 940 2798 communem,
950 2720 993 2796 Q.
1004 2719 1130 2785 Flavius
1139 2719 1386 2804 Tarqquieufii

577 2839 712 2924 quidam
727 2834 898 2899 interiecit.
923 2833 958 2897 in
977 2834 1060 2897 hanc
1080 2853 1165 2910 rem,
1185 2834 1320 2918 inquit,
1338 2858 1384 2901 me

579 2930 779 3036 cignixorcm
802 2945 925 3010 dedisti.
953 2947 1010 3010 lite
1036 2945 1231 3025 contestata,
1263 2948 1382 3033 judicio

579 3065 690 3132 damni
702 3060 820 3144 injuria
827 3058 998 3123 constituto
1006 3104 1015 3136 ‚
1025 3067 1062 3124 tu
1078 3057 1143 3124 fine
1157 3080 1212 3153 me
1225 3081 1309 3127 cum
1316 3062 1382 3127 Fla·

579 3180 633 3249 vio
653 3174 804 3243 decidisti.
843 3169 962 3236 Utrum
976 3191 1035 3257 pro
1051 3172 1183 3237 dimidia
1199 3182 1321 3257 parte5
1344 3194 1382 3241 an

523 3368 533 3389 ·
580 3314 639 3407 1²3⁰
648 3299 715 3354 tota
728 3285 905 3351 societate?
919 3286 1044 3369 planius
1058 3287 1179 3362 dicam,
1192 3295 1312 3355 utrum
1325 3308 1382 3373 pro

579 3428 649 3480 me,
667 3422 708 3469 an
733 3420 789 3484 pro
811 3421 863 3463 me
879 3397 913 3462 δι
932 3397 1069 3482 prote?
1092 3399 1153 3463 Pro
1170 3398 1252 3464 me?
1269 3401 1382 3485 potui,

579 3521 755 3583 multorum
764 3511 909 3594 exemplo
918 3530 927 3575 z
936 3511 1059 3576 licitum
1072 3509 1136 3575 est:
1149 3511 1221 3593 jure
1230 3513 1381 3579 iecerunt

575 3630 693 3702 multi:
717 3625 798 3692 nihii
817 3625 853 3691 in
872 3644 911 3691 ea
930 3643 966 3692 re
984 3624 1044 3696 tibi
1059 3624 1282 3710 iniutiaeimi.
1303 3636 1382 3717 peta
