3650 4350
392 3624 454 3709 ,Γ

392 3715 405 3831 i

667 489 851 561 anor.
886 438 1177 569 ou1urro.
1247 561 1251 576 ¹,
1282 487 1333 571 ας

523 665 593 757 iam
603 672 739 754 mpotes
750 668 908 733 discedere
922 666 1075 744 liberatus
1088 662 1241 741 molestia,
1252 681 1327 747 pro·

527 804 569 869 pe
585 785 702 861 dicam,
717 802 783 847 non
791 780 926 857 minore,
940 798 1036 863 quam
1050 778 1217 855 Quintius.
1241 778 1327 854 Quid
1339 773 1374 843 4!

530 897 673 979 agimus,
701 892 878 960 Hortenss?
906 894 984 977 quid
1006 894 1120 957 dehac
1145 892 1329 957 conditione

529 1007 690 1076 dicimus?
708 986 870 1093 postumus
886 1007 1076 1091 aIIquandoa
1106 1004 1255 1090 depofitis
1277 1026 1329 1071 ar-

525 1124 591 1187 mis
600 1124 618 1202 ,’
631 1121 697 1188 fine
710 1121 854 1207 periculo
868 1120 1072 1185 fortunarum
1080 1165 1089 1197 ‚
1122 1123 1162 1183 d'e
1174 1141 1209 1184 re
1226 1140 1329 1205 pecu·

525 1236 632 1305 niaria
644 1233 845 1317 disceptare?
862 1232 1029 1317 'possumus
1044 1233 1090 1297 ita
1105 1252 1172 1297 rem
1187 1233 1327 1299 nostram

525 1348 689 1433 persequi,
709 1354 749 1412 ut
760 1347 901 1412 hominis
911 1347 1081 1431 propinqui
1092 1346 1189 1429 caput‘
1203 1348 1327 1412 incolu-

525 1483 579 1527 mo
598 1461 660 1527 effe
673 1458 861 1545 patiamur?
881 1458 1045 1545 pofl'umus
1061 1461 1207 1553 petitoris
1219 1461 1294 1544 pers
1313 1496 1327 1513 ·

523 1595 601 1641 nam
616 1593 746 1660 capere,
774 1573 968 1639 accusatoris
985 1573 1168 1657 deponere?
1199 1576 1325 1653 Immo,

523 1689 649 1772 inquit,
671 1688 727 1753 abs
744 1695 779 1752 te
795 1687 869 1751 satis
886 1687 1061 1771 accipiant
1083 1708 1143 1771 ego
1160 1696 1268 1753 autem
1283 1690 1324 1753 ti-

522 1801 558 1868 bi
571 1819 637 1864 non
650 1798 816 1865 satisdabo.
861 1800 945 1875 Quis
958 1802 1088 1864 tandem
1099 1802 1192 1865 nobis
1202 1802 1259 1867 ista
1270 1800 1324 1885 ju·
1341 1794 1392 1884 14

419 1933 422 1938 ·
524 1920 639 1978 ratam
653 1932 746 1996 aequa
759 1910 930 1975 describit?
952 1911 1023 1996 quis
1037 1912 1098 1976 hoc
1108 1912 1226 1993 statuit,
1237 1918 1323 1999 quod

522 2044 657 2108 aequum
671 2022 710 2087 fit
723 2025 757 2087 in
784 2023 967 2101 Quintium,
985 2024 1019 2087 id
1040 2024 1187 2106 iniquum
1208 2026 1322 2109 effein

521 2135 698 2206 Naeuium?
729 2136 857 2213 Quiniii
874 2137 974 2212 bona,
1005 2137 1127 2219 inquit,
1154 2159 1194 2203 ex
1217 2138 1322 2205 edidio

517 2251 670 2338 praetoris
684 2248 812 2335 possessa
825 2251 910 2316 sunt.
941 2248 1038 2332 Ergo,
1060 2251 1094 2314 id
1106 2259 1144 2313 ut
1156 2252 1322 2334 eonfitear,

392 2439 398 2443 ,
520 2365 680 2450 postulas3
700 2373 748 2443 ut,
771 2364 856 2447 quod
869 2381 1042 2448 numquam
1058 2361 1178 2430 fabium
1193 2366 1255 2432 esse
1269 2368 1324 2452 ju.

393 2506 394 2519 ¹
519 2479 606 2561 dicio
624 2478 841 2556 defendimus,
863 2477 912 2555 id,
935 2478 1068 2560 proinde
1090 2478 1178 2561 quoii
1199 2478 1333 2547 fastum

519 2590 578 2669 fit,
608 2590 715 2655 nostro
731 2591 857 2694 judicio
884 2589 1124 2660 confirmemus.
1174 2592 1318 2659 Inveniri
1330 2594 1364 2665 46

517 2704 621 2783 ratio,
649 2704 685 2770 C.
704 2704 846 2789 Aquilii‚·
878 2722 943 2767 non
960 2704 1081 2787 potest,
1113 2712 1149 2768 ut
1168 2707 1208 2770 ad
1226 2706 1318 2773 suum

519 2817 652 2928 quisque
662 2837 759 2903 quam
771 2817 922 2901 primurn,
939 2814 1003 2926 siue
1016 2815 1203 2901 cujusquam
1222 2823 1318 2886 dede-

510 2926 596 2994 -core
603 2975 613 3008 ,
630 2930 783 3009 infamia,
805 2928 1011 3014 pernicieque
1022 2926 1209 3015 perveniat?
1240 2933 1320 2998 Pro-

471 3122 474 3126 .
517 3040 616 3119 fodio,
638 3041 752 3127 iiquid
761 3045 945 3129 deberetur,
967 3050 1108 3128 petereta
1131 3032 1196 3108 nori
1210 3042 1317 3111 omnia

514 3154 635 3238 judicia
649 3155 720 3220 fieri
735 3158 863 3234 mallet,
885 3175 984 3241 quam
999 3175 1101 3221 unum
1117 3157 1208 3235 illud,
1230 3161 1316 3224 unde
1349 3141 1353 3148 ¹

514 3269 587 3333 haec
606 3270 713 3333 omnia
729 3271 912 3336 nascuntur.
958 3270 1027 3348 Qui
1044 3267 1128 3334 inter
1144 3278 1316 3337 tot'annos

514 3401 558 3446 ne
570 3382 738 3465 appellarit
751 3384 880 3467 quidem
889 3385 1072 3462 Quintium,
1095 3365 1317 3475 cumpotestas

393 3537 394 3546 κ
515 3493 592 3558 effet
605 3497 719 3579 agendi
733 3497 897 3580 quotidie3
921 3500 993 3583 qui,
1017 3519 1079 3583 quo
1093 3505 1236 3580 tempore
1247 3497 1317 3579 pri·
1343 3533 1346 3540 ·

513 3596 607 3685 mum
621 3611 706 3679 male
720 3630 816 3697 agere
834 3614 943 3699 coepit',
964 3615 998 3678 in
1018 3611 1208 3679 vadimoniis
1221 3608 1315 3677 diffe-

518 3730 520 3735 .
1066 3728 1092 3793 B
1113 3741 1134 3808 ⁵
