3650 4350
518 496 567 568 12*
784 491 1066 563 ORATIO

520 691 579 758 per
593 679 627 735 te
646 670 820 754 agebatur,
853 672 941 755 quod
960 677 1096 755 propter
1111 670 1274 736 aerarIam
1288 684 1334 737 rra·

520 788 647 851 tionem
674 805 739 848 non
763 785 835 848 satis
858 795 930 850 erat
950 785 986 848 in
1002 784 1125 851 tabulis
1146 784 1334 870 inspexisse,

520 907 678 985 quantum
694 899 885 976 deberetur,
916 896 974 962 nifi
990 900 1030 963 ad
1045 897 1195 964 Castoris
1211 899 1332 985 quaesis·

518 1015 576 1093 set,
599 1012 953 1099 quantumsolveretur.
998 1011 1133 1077 Decidis
1151 1012 1333 1099 statuisque

517 1136 579 1206 tu,
603 1134 735 1212 propter
763 1120 1040 1204 necessitudinem,
1072 1146 1152 1209 quae
1177 1128 1247 1194 tibi
1264 1149 1333 1192 cun

519 1238 668 1325 Scapulis
692 1239 753 1318 est,
767 1260 772 1274 ·
784 1240 861 1324 quid
882 1239 924 1304 iis
943 1242 983 1305 ad
1001 1240 1178 1305 denarium
1197 1241 1333 1309 solvere·

484 1365 589 1466 5tur.
635 1354 717 1418 Haec
733 1353 842 1416 omnia
857 1353 1168 1452 Quintiuuygebat,
1200 1354 1332 1421 austere

476 1468 556 1533 18&
577 1465 762 1534 consuasore
783 1466 911 1531 Naevio.
958 1464 1029 1533 Nec
1056 1467 1195 1545 mitum,
1217 1467 1246 1532 fi
1265 1468 1331 1554 ejus

518 1582 672 1646 utebatur
691 1578 838 1658 consilio,
870 1578 961 1664 cujus
984 1580 1140 1645 auxilium
1160 1580 1222 1648 fibi
1242 1603 1333 1668 paru·

517 1705 592 1759 tum
600 1696 745 1775 putabat.
790 1714 855 1756 non
871 1695 967 1757 ruodo
977 1695 1063 1758 enirn
1077 1694 1249 1776 pollicitus
1265 1705 1331 1761 eret

517 1808 553 1873 in
572 1806 695 1884 Gallia;
716 1808 776 1871 ¹sed
801 1806 913 1902 quoe
930 1807 1090 1889 quotidie,
1119 1805 1330 1895 simulatque

517 1919 576 1985 sibi
596 1921 650 1985 hic
669 1919 843 1996 annuisset,
873 1926 1122 1984 numeraturum
1137 1921 1169 1985 se
1186 1924 1330 1988 dicebat.

460 2012 463 2017 Α
519 2036 677 2112 Quintius
704 2055 799 2118 porro
822 2034 917 2097 isium
935 2030 1021 2115 poffe
1038 2036 1146 2099 iacere
1175 2031 1355 2114 videbam¹

518 2152 636 2216 debere
647 2128 864 2231 intelligebat:
887 2147 1031 2226 mentiri,
1054 2147 1132 2230 quia
1148 2149 1257 2228 causa,
1270 2169 1331 2215 cur

517 2266 731 2340 mentiretur,
754 2269 925 2338 nouerat,
955 2282 1021 2325 non
1032 2261 1179 2344 putabat.
1235 2261 1329 2347 quafi

517 2379 606 2443 domi
626 2396 774 2440 nummos
803 2375 953 2452 haberet,
983 2375 1029 2437 ita
1052 2373 1218 2439 constituit
1248 2375 1329 2442 Sca·

473 2491 601 2578 19pulis
616 2490 648 2553 se
664 2491 830 2552 daturum.
875 2487 1027 2554 Naevium
1042 2488 1212 2552 certiorem
1225 2477 1329 2556 iacit:

517 2609 610 2684 rogat
622 2609 660 2665 ut
675 2608 784 2678 curet,
807 2600 1044 2686 quoddixisset.
1090 2601 1177 2665 Tum
1197 2601 1258 2669 iste
1276 2605 1329 2670 vir

518 2715 661 2798 optimus
683 2715 835 2793 (vereor,
857 2735 897 2780 ne
915 2714 946 2779 se
959 2714 1096 2779 derideri
1111 2722 1212 2798 putet,
1236 2720 1329 2801 quod

515 2829 635 2895 iterum
649 2827 713 2910 jam
730 2829 812 2903 dico,
826 2829 1009 2912 optimus)
1032 2829 1185 2912 quihunc
1195 2829 1327 2895 insum·

428 2944 431 2951 '
516 2930 1101 3024 masanguliiacaddudtumputoret3
1125 2943 1325 3008 uteumsuis

516 3055 811 3125 conditionum
837 3055 903 3138 ipso
934 3032 1071 3118 ⁵articulo
1092 3055 1248 3137 temporis
1264 3059 1325 3121 ad-

514 3169 699 3252 stringeret,
730 3167 826 3232 assem
848 3167 909 3233 sese
931 3175 1026 3248 negat
1050 3169 1221 3244 daturum,
1262 3168 1323 3233 nisi

512 3284 605 3368 prius
615 3284 657 3346 de
671 3282 764 3346 rebus
780 3281 1023 3363 rationibusque
1041 3259 1201 3344 societatis
1215 3285 1324 3346 omni-

473 3438 476 3444 ·
511 3397 572 3461 bus
590 3392 769 3470 decidisset3
805 3393 840 3458 δι
858 3391 976 3469 scisset,
1005 3390 1062 3457 fibi
1088 3413 1163 3457 cum
1181 3393 1323 3470 Quintio

510 3504 735 3573 controverfiae
750 3507 831 3570 nihil
845 3508 1005 3571 futurum.
1058 3505 1219 3571 Posterius
1227 3552 1237 3585 ,
1269 3509 1321 3572 in·

509 3623 592 3707 quit,
614 3619 672 3687 isto
686 3621 878 3698 videbimus,
901 3619 1076 3696 Quintius:
1099 3621 1320 3689 nunchocve·
