3650 4350
526 471 604 564 ¹⁷⁰..
688 442 748 516 IN
778 447 825 526 Q.
857 441 1205 516 cAEclmvu

526 626 664 713 probare
679 621 862 690 deberent?
882 641 984 688 nunc
997 621 1071 687 hoc
1085 621 1217 692 dicunt:
1232 629 1272 690 nin

526 729 1271 825 quesenoffe:alterumi’ecuperedefensoreu

525 859 730 923 fortunarum
756 852 889 915 suarum
901 897 912 929 ,
955 850 1119 916 alterum
1144 851 1272 936 planen

480 988 513 1035 ιι
527 970 593 1037 Cur
602 962 1097 1046 nolint‚etiamii'tacent,satis
1108 966 1232 1030 dicunt.
1243 989 1272 1032 te

524 1105 590 1150 non
602 1090 723 1146 tacent.
745 1068 854 1142 tarnen
868 1073 923 1142 llis
934 1076 1158 1144 'invitiffimis
1173 1087 1206 1144 te
1217 1078 1272 1146 otte

523 1206 632 1262 tamen
652 1197 686 1260 in
707 1193 813 1258 aliena
836 1191 935 1256 causa
955 1191 1147 1275 loquere?
1173 1201 1270 1260 tamen

523 1311 697 1383 defendes,
712 1301 771 1392 r'p'ui
786 1305 817 1370 ie
833 1306 873 1370 ab
885 1305 1053 1371 omnibus
1073 1297 1225 1374 desertos
1237 1328 1272 1393 po¹

523 1443 621 1522 quam
635 1425 742 1487 abste
756 1418 901 1485 defensos
913 1417 982 1483 effe
995 1421 1171 1487 malunt?
1186 1433 1273 1488 tanet

524 1556 656 1621 operam
669 1535 762 1600 tuanr'
776 1532 992 1618 pollicebere,
1010 1536 1077 1618 qui
1094 1543 1132 1600 te
1150 1556 1273 1620 nequet

521 1651 613 1716 suam
627 1645 868 1725 causam,'ne'c,
882 1645 905 1709 fi
920 1648 1061 1730 cupias,
1080 1648 1178 1734 poii‘e
1198 1651 1272 1716 arbit

521 1762 611 1827 tur?
635 1755 833 1828 (lurcorum
854 1760 941 1844 spem
960 1761 1130 1844 exiguam
1153 1767 1273 1850 reliqua

521 1878 743 1952 fortunarum,
767 1893 867 1961 quam
881 1872 1003 1938 habent
1020 1875 1061 1940 ln
1078 1877 1170 1961 legis
1188 1878 1226 1945 dc
1239 1880 1271 1964 ju

521 1990 692 2056 seueritate
711 1986 869 2073 politam,
902 1983 937 2050 ui
957 1966 1174 2073 extorquere
1198 2012 1273 2057 cona

522 2125 583 2170 cur
593 2103 628 2169 te
640 2102 837 2186 interponis,
846 2093 1043 2165 invitiffimis
1053 2102 1132 2183 his,
1145 2107 1266 2191 quibus

521 2217 677 2284 xime'lex
692 2216 875 2280 consultum
892 2213 955 2279 elie
973 2215 1078 2281 vult?
1096 2238 1165 2284 cur
1175 2223 1218 2286 de
1231 2240 1273 2305 qu

520 2335 556 2398 in
566 2330 730 2417 provincia
740 2350 806 2394 non
816 2329 939 2413 optIme
953 2348 989 2392 es
1002 2331 1174 2412 meritus,
1192 2355 1273 2400 eosr

521 2448 617 2530 plane
631 2420 769 2508 fortunis
782 2436 933 2506 omnibus
948 2444 1079 2508 conaris
1090 2446 1273 2514 everteret

401 2625 405 2632 ,
521 2560 573 2624 his
586 2580 650 2622 non
660 2559 756 2621 modo
766 2557 978 2640 persequendi
988 2554 1072 2639 juris
1084 2559 1159 2638 sui,
1176 2563 1273 2628 sedet

521 2666 727 2756 deplorandae
752 2669 949 2734 calamitatis
972 2669 1090 2735 adimis
1115 2675 1273 2756 potestat«

473 2799 511 2849 22
523 2785 632 2860 Num,
649 2794 684 2848 te
696 2781 822 2862 nitore,
837 2786 933 2869 quern
944 2786 1059 2849 eorum·
1073 2783 1266 2854 affuturum

520 2904 572 2979 tas
580 2945 591 2978 ,
604 2918 687 2982 quos
702 2898 876 2981 intelligis,
891 2912 958 2961 non
971 2906 1009 2985 ut
1022 2917 1081 2981 per
1094 2905 1131 2964 te
1141 2902 1270 2982 alium,

518 3023 560 3078 ut
579 3033 637 3097 per
656 3012 798 3097 aliquem
814 3001 970 3096 teipsum,
997 3011 1223 3094 ulciscantur,
1248 3019 1274 3083 la

518 3125 618 3192 rare?
729 3145 733 3151 '
785 3116 788 3121 ’
854 3118 856 3123 ’
887 3115 889 3119 ’

477 3247 504 3344 7
585 3240 633 3305 At
649 3239 735 3305 enim
753 3239 857 3306 solum
872 3239 902 3302 id
921 3235 990 3315 est,
1013 3244 1051 3302 ut
1071 3258 1124 3302 me
1139 3238 1274 3308 Siculis

518 3355 605 3419 xime
621 3354 742 3420 velint:
758 3353 896 3418 alterurn
911 3352 1014 3430 illud,
1025 3352 1140 3429 credo,
1152 3354 1276 3421 obscur

516 3466 583 3545 ost,
603 3487 623 3534 a
644 3475 709 3551 quo
725 3463 846 3532 Verres
863 3462 998 3530 minime
1020 3466 1051 3530 se
1069 3465 1214 3531 accusari
1237 3492 1274 3535 ve

514 3578 637 3669 Ecquis
655 3590 891 3666 umquamtam
908 3576 1015 3663 palam
1035 3581 1074 3645 de
1088 3579 1232 3660 honore,
1253 3589 1274 3646 tr
