3650 4350
581 417 627 486 59
830 385 1141 464 ORATOR.

577 567 666 657 sora
685 566 807 656 quidm
826 569 945 632 moriad
958 564 1190 654 acquiscerent,
1211 565 1257 636 δι
1269 569 1390 656 qued·

583 693 737 769 quuntur.
773 679 855 746 Sunt
869 681 957 747 enirn
973 679 1093 756 omnia,
1113 677 1199 746 ficut
1212 685 1390 752 adolescet·

584 799 647 877 tir,
667 803 817 862 nontam
836 813 872 860 rc
885 792 921 860 dr
939 793 1144 872 maturitate,
1169 813 1283 878 quam
1304 797 1390 884 spese
1413 841 1416 846 -

517 913 569 972 Μ
583 909 818 996 exsperatione
823 953 835 985 ,
856 905 991 972 laudati.
1043 903 1096 972 Ab
1114 905 1178 970 hac
1196 907 1321 979 indole
1336 911 1389 998 jan
1412 899 1415 904 ¹

582 1026 640 1091 iiia
660 1031 806 1088 matura:
843 1020 937 1087 Uxor
947 1019 1081 1104 generi,
1101 1039 1242 1087 nouerca
1255 1023 1345 1112 filii,
1355 1024 1391 1112 fi·

582 1139 642 1204 tiae
653 1138 765 1220 pellex.
811 1134 881 1199 Nec
893 1153 970 1199 vcro
985 1133 1038 1197 hic
1055 1150 1141 1197 nnuc
1156 1143 1235 1198 erat
1250 1139 1390 1206 ardorir

581 1251 692 1327 nobie,
714 1260 752 1314 ut
766 1249 829 1312 hoc
841 1250 938 1312 modo
954 1245 1064 1310 omnia
1076 1246 1282 1314 diceremur.
1328 1251 1391 1336 Ipse

581 1364 668 1430 enirn
689 1363 743 1427 ilia
763 1380 821 1445 pro
843 1360 957 1427 Roscio
975 1359 1129 1443 juvenilia
1151 1363 1392 1444 redundantia,

580 1478 683 1543 muita
694 1476 978 1552 habetattenuata,
1001 1473 1150 1558 quaedam
1160 1473 1270 1540 etlam
1284 1479 1391 1562 puniit

579 1589 749 1667 hilariora;
775 1599 811 1652 ut
823 1605 882 1672 pro
893 1587 1012 1663 Avito,
1035 1605 1092 1670 pro
1107 1584 1277 1668 Cornelio,
1302 1613 1391 1662 con·

579 1701 746 1788 pluresque
761 1701 846 1765 aliae.
877 1719 973 1764 nemo
987 1701 1074 1764 enim
1086 1708 1196 1764 orator
1213 1709 1290 1768 um
1306 1707 1391 1774 tnui·

578 1823 630 1894 ta,
654 1835 696 1881 ne
710 1816 744 1879 in
759 1811 875 1879 Gracco
888 1812 1018 1896 quidem
1030 1813 1108 1891 otio,
1131 1811 1264 1896 scripit,
1291 1837 1391 1904 quan

577 1930 681 1995 muita
696 1928 766 1993 sunt
782 1926 905 2006 noim
927 1943 1031 2010 etque
1045 1927 1128 1992 hanc
1138 1926 1240 2010 ipsam
1251 1929 1391 2012 hamur,

511 2053 563 2139 31
578 2061 675 2127 quam
690 2042 811 2128 probo,
832 2041 1033 2106 varietatem.
1077 2041 1131 2104 An
1146 2059 1206 2144 ego
1222 2042 1390 2125 Homero,
1424 2055 1427 2106 ῑ

510 2145 562 2205 ¹⁰⁹
577 2157 705 2236 Ennio,
728 2155 860 2237 reliquia
879 2153 1001 2237 nouitio,
1030 2150 1064 2218 dt
1083 2151 1224 2220 maxime
1246 2159 1391 2243 tragicis

576 2273 797 2343 concederem,
819 2275 854 2327 ut
864 2287 904 2330 nc
914 2266 1062 2330 omnibur
1077 2265 1157 2330 lotia
1173 2268 1292 2337 eaden
1306 2293 1391 2339 con.

577 2380 723 2446 tentione
755 2385 951 2455 uterentur,
987 2378 1165 2461 crebroque
1193 2374 1389 2466 mutarent,

575 2509 820 2574 nonnumquam
840 2490 938 2553 etiam
964 2493 1004 2554 ad
1026 2490 1251 2573 quotidianum
1274 2514 1390 2579 genna

575 2605 730 2671 sermonis
752 2605 959 2668 accederent:
981 2601 1046 2686 ipse
1067 2622 1245 2688 numquam
1261 2607 1305 2672 ab
1327 2611 1388 2679 iila

574 2717 730 2783 acerrima
749 2716 954 2781 contentione
973 2716 1190 2782 discederem?
1218 2714 1283 2784 Sed
1299 2722 1388 2805 quid

573 2835 683 2916 poitur
709 2831 818 2895 divino
841 2830 971 2912 ingenio
992 2828 1153 2913 profero?
1195 2829 1387 2903 Histrionee

483 3003 487 3013 .
573 2967 631 3010 eoa
646 2945 805 3022 vidimus,
836 2945 953 3027 quibua
969 2944 1048 3007 nihil
1070 2942 1168 3027 posset
1186 2943 1220 3005 in
1241 2943 1298 3009 suo
1320 2968 1384 3031 ge·

571 3080 651 3126 nere
668 3057 730 3122 effe
744 3055 968 3139 praestentius,
990 3054 1125 3139 quinon
1143 3055 1242 3121 solum
1260 3057 1297 3121 in
1313 3062 1383 3127 dis-

571 3170 743 3238 iimillimia
756 3169 894 3252 personis
905 3168 1152 3248 satisfaciebant,
1173 3189 1249 3234 curu
1262 3181 1384 3251 tannen

570 3286 605 3350 in
623 3286 687 3351 suis
703 3281 917 3359 versarentur,
940 3283 992 3348 sed
1008 3280 1042 3346 ἃ
1058 3284 1241 3347 comoedum
1254 3284 1289 3346 in
1303 3294 1378 3351 tra·

569 3399 699 3481 goediia.
721 3395 754 3463 dt
770 3398 951 3475 tragoedum
964 3397 996 3459 in
1014 3396 1182 3461 comoediia
1197 3398 1377 3471 admodum

502 3518 555 3571 110
571 3514 698 3598 nucero
713 3509 866 3591 vidimua.
908 3507 980 3593 Ego
992 3527 1059 3572 nou
1071 3505 1257 3574 elaborem?
1286 3509 1376 3577 Cunn

455 3662 507 3735 k
