3650 4350
580 506 649 584 272,
777 488 850 595 tu
901 439 1192 602 uun-nnn

582 667 671 755 qnod
687 664 845 745 audieris,
862 667 949 750 quod
962 668 1183 749 concupieris,
1198 666 1285 748 quod
1299 668 1390 749 cogi·

566 779 680 857 ἀπίω,
706 777 765 842 nili
783 780 817 846 id
833 782 873 843 ad
891 789 1009 843 nutum
1025 790 1118 843 tuum
1136 779 1251 864 praesto
1270 781 1386 857 suerit,

581 891 641 961 nili
656 892 782 959 libidini
794 903 883 969 tuae,
898 893 1133 977 cupiditatique
1148 894 1310 976 paruerit,
1327 895 1390 956 im·

580 1011 751 1078 mittentur
764 1004 939 1070 homines?
960 1008 1229 1089 expugnabuntur
1244 1005 1388 1072 domus?

581 1122 734 1187 civitates
748 1139 814 1183 non
825 1122 921 1184 modo
936 1128 1078 1203 pacatae,
1096 1140 1208 1183 verum
1223 1120 1325 1183 etiam
1337 1119 1388 1183 so·

581 1236 708 1300 ciorum
726 1242 825 1318 atque
849 1232 1049 1309 amicorum,
1077 1235 1117 1296 ad
1138 1231 1204 1297 vim
1224 1243 1324 1315 atque
1347 1234 1386 1297 ad

582 1368 674 1414 arma
695 1347 907 1429 confugient,
928 1356 966 1409 ut
983 1346 1022 1409 ab
1042 1346 1072 1409 se
1093 1354 1191 1429 atque
1214 1346 1254 1410 ab
1277 1346 1388 1411 libelis

579 1462 647 1528 suia
661 1460 758 1543 legati
774 1460 887 1543 populi
899 1458 1036 1522 Romani
1051 1460 1152 1522 scelus
1167 1478 1205 1521 ac
1218 1459 1388 1523 libidinem

580 1574 765 1660 propulsare
781 1569 926 1654 poliint?
949 1570 1033 1634 Nam
1051 1590 1162 1655 quaero
1179 1573 1236 1635 abs
1252 1583 1307 1650 te,
1324 1574 1388 1637 cir·

580 1683 795 1753 cumselsuene
805 1681 844 1746 lis
856 1682 1038 1766 Lampsaci:
1051 1685 1230 1768 coeperitne
1240 1688 1388 1764 domum,

579 1801 615 1864 in
632 1818 696 1881 qua
707 1797 930 1872 deversabare,
945 1795 1001 1861 illa
1014 1797 1187 1862 multitudo
1200 1799 1387 1865 incendere:

580 1912 785 1979 voluerintne
802 1912 946 1994 legatum
964 1911 1074 1995 populi
1096 1910 1237 1975 Romani
1252 1915 1386 1979 combu-

579 2042 652 2093 rere
669 2026 777 2090 vivum
800 2022 1032 2107 Lampsaceni?
1054 2043 1173 2107 negare
1193 2044 1259 2088 non
1280 2024 1385 2110 potes.

578 2142 683 2208 babeo
702 2137 788 2205 enim
812 2136 1029 2203 testimonium
1051 2146 1165 2216 tuum,
1191 2140 1279 2223 quod
1302 2120 1386 2226 apud

581 2255 745 2321 Neronem
760 2251 882 2316 dixistir
896 2251 1017 2334 babeo,
1029 2270 1110 2335 quac
1126 2254 1166 2317 ad
1180 2254 1321 2316 eundem
1332 2254 1386 2318 lit-

537 2364 793 2442 rateraamifisti.
816 2366 930 2430 Recita
941 2366 1029 2429 bunc
1041 2363 1145 2449 ipsum
1159 2367 1267 2431 locum
1285 2368 1326 2431 de
1337 2377 1388 2432 te·

579 2482 739 2549 stimonio.
781 2497 1113 2545 unsruuourvu
1148 2499 1180 2543 c.
1213 2497 1385 2545 vanam

562 2579 636 2693 ¹rrt‘
664 2613 1023 2675 aunemunonvnt,
1068 2591 1182 2657 Recita
1208 2613 1249 2657 ex
1272 2589 1388 2660 Vetula

579 2710 697 2776 litteris
724 2709 765 2772 ad
788 2707 965 2773 Neronem.
1011 2724 1068 2770 ax
1099 2724 1321 2771 uruunnrs
1353 2727 1385 2772 c.

481 2816 483 2821 ’
578 2840 753 2892 vannus
775 2841 831 2887 an
853 2839 886 2885 c.
908 2823 1140 2886 uauon'nu.
1163 2837 1250 2885 uon
1273 2841 1388 2888 aava·

579 2958 635 3010 ro
658 2955 766 3002 eoae
788 2951 838 2999 uu
860 2954 1038 2999 nonunt.
1082 2933 1387 3018 Bellumnepopulo

581 3051 729 3118 Romano
743 3046 951 3131 Lampsaceni
964 3047 1073 3113 lacere
1084 3046 1312 3111 conabantur?
1330 3049 1389 3113 de·

579 3164 679 3232 licere
692 3163 732 3227 ab
746 3162 882 3246 irnperio
899 3180 937 3226 ac
950 3162 1079 3226 nomine
1093 3159 1198 3234 nostro
1209 3159 1387 3230 volebant?

581 3275 690 3347 Video
713 3275 818 3352 euim',
845 3272 882 3340 dr
896 3295 938 3341 ex
954 3275 1012 3353 iia,
1037 3293 1112 3361 quae
1127 3274 1191 3358 legi
1206 3271 1242 3340 dc
1259 3272 1390 3350 audivi,

582 3389 750 3472 intelligo:
777 3388 894 3471 inqua
917 3386 1050 3452 civitate
1067 3407 1133 3455 aon
1151 3389 1247 3459 modo
1261 3386 1390 3471 legatus

565 3502 695 3588 populi
707 3500 844 3566 Romani
859 3499 1095 3581 circumsessus,
1115 3520 1181 3570 non
1198 3501 1295 3566 modo
1307 3500 1391 3584 igni,

584 3616 692 3697 fetro,
716 3626 833 3698 mauu,
853 3614 958 3702 aoplia
971 3622 1194 3703 oppugnatur,
1213 3613 1268 3680 sed
1283 3614 1395 3697 aliqua

1308 3745 1353 3793 au
