3650 4350
605 385 648 480 iq
850 363 1154 463 onitin.

602 564 668 652 ipse
688 565 906 650 cognoverim.
959 565 1034 635 Hoc
1054 589 1114 636 neo
1136 544 1267 654 gravlor
1288 550 1425 640 'exstitit

602 680 790 766 quisquam,
819 701 881 747 nec
901 682 1072 762 callidior,
1100 703 1160 748 nec
1184 687 1415 769 temperatior.

601 793 717 879 itaque
732 794 988 862 nobiemouendi
1002 796 1127 875 sontii,
1148 817 1285 882 quornm
1300 799 1413 866 sermo

599 907 769 994 imperitus
788 910 966 988 increbuit,
988 911 1045 995 qni
1064 919 1121 976 aut
1141 912 1204 975 dici
1226 911 1257 977 ie
1280 910 1416 980 defide-

598 1030 674 1089 rrnt
691 1021 840 1102 Atticos,
863 1035 923 1089 eut
946 1021 1003 1108 ipsu
1020 1026 1130 1090 Attice
1148 1025 1263 1091 volunt
1285 1027 1412 1107 dicere,

599 1143 641 1202 ut
655 1135 812 1201 mirentur
830 1135 920 1201 hunc
935 1138 1092 1218 maxime,
1114 1157 1179 1222 quo
1198 1158 1240 1204 ne
1254 1142 1409 1206 Athenon

597 1248 728 1335 quidem
738 1249 819 1333 ipsas
832 1250 935 1334 magio
946 1254 1041 1317 credo
1050 1249 1143 1318 fullie
1151 1255 1288 1317 Atticae.
1313 1253 1409 1329 Quid

509 1344 515 1350 ¹
596 1363 684 1430 ¹enirn
704 1361 743 1427 fit
762 1363 927 1444 Atticum,
950 1360 1092 1443 discant,
1114 1365 1408 1452 eloquentiamque

595 1473 693 1562 ipliuo
708 1477 841 1555 viribon,
863 1497 928 1542 non
942 1477 1161 1544 imbecillitate
1174 1479 1240 1559 sue,
1262 1478 1407 1545 metian-¹

549 1593 665 1678 24tur.
726 1590 824 1682 Nunc
848 1591 935 1655 enine
959 1599 1086 1655 tanturn
1104 1591 1243 1676 ,quilque
1270 1592 1405 1672 laudat,

593 1713 753 1792 quantum
767 1703 797 1769 ie
810 1701 897 1788 poii'e
911 1700 1015 1788 sperat
1030 1704 1162 1770 imitari.
1206 1704 1268 1770 Sed
1286 1716 1403 1772 tamen

492 1806 494 1812 ’
550 1803 558 1836 ²
592 1837 650 1883 eor
666 1815 767 1881 studio
783 1815 918 1902 optimo,
939 1814 1062 1900 judicio
1079 1817 1188 1883 minus
1202 1816 1296 1882 firmo
1311 1828 1403 1901 prae·

487 1956 489 1961 ·
589 1922 693 2010 ditos,
715 1933 849 2010 docere,
872 1949 945 2017 quae
966 1928 1004 1995 fit
1022 1932 1151 2017 propria
1173 1931 1245 1996 laur
1267 1932 1401 1996 Attico·

589 2041 683 2125 rum,
706 2065 770 2112 non
783 2046 927 2112 nllenurn
943 2053 1039 2130 puto.
1379 2031 1387 2042 ’

551 2166 578 2256 8
653 2153 972 2259 Semperoratorum
990 2158 1185 2242 eloquentiae
1199 2156 1400 2228 moderatrix

501 2353 509 2371 ι
555 2263 650 2340 'fuit
677 2272 863 2344 auditorum
891 2270 1074 2355 prudentia.
1137 2271 1260 2338 Omneo
1287 2264 1395 2354 enlm,

524 2456 526 2460 ,
586 2385 646 2476 qui
658 2383 786 2470 probuti
803 2383 937 2461 volunt,
960 2383 1162 2449 voluntatem
1177 2378 1308 2462 eorum,
1333 2387 1394 2470 qui

563 2498 741 2577 ¹audiunt,
764 2497 953 2575 intuentur,
976 2498 1016 2561 ed
1037 2514 1191 2582 eamque,
1214 2497 1246 2564 dr
1272 2502 1312 2564 ed
1336 2498 1396 2565 eo'·

586 2631 660 2679 rum
682 2609 850 2677 arbitrium
867 2608 902 2676 dr
921 2618 1039 2676 nutum
1054 2619 1142 2675 toton
1158 2611 1189 2677 se
1206 2609 1334 2693 tingunt
1354 2609 1392 2680 dc

540 2725 843 2815 „accommodant
883 2723 1011 2807 utaque
1036 2723 1147 2814 Curia,
1176 2722 1210 2790 dr
1230 2716 1390 2809 Phrygia,

535 2822 571 2876 4¹·
586 2838 621 2906 dr
639 2834 762 2925 ldyfio,
784 2835 874 2921 quod
893 2836 1027 2911 minime
1041 2838 1169 2919 politae,
1190 2837 1388 2922 minimeque

583 2953 749 3038 eleganter
764 2946 854 3028 sunt,
876 2947 1078 3015 adsciverunt
1092 2958 1201 3035 aptum
1220 2950 1282 3015 iuis
1300 2950 1389 3016 auri·

583 3068 645 3136 buo
660 3064 804 3151 opimum
822 3045 1011 3150 quoddam,
1024 3061 1059 3129 dr
1076 3071 1228 3148 tanqunm
1248 3062 1386 3148 adipatae

583 3176 734 3249 difflonio
750 3197 868 3262 genus,
890 3179 980 3264 quod
995 3195 1108 3261 eorum
1123 3175 1222 3242 vicini
1237 3175 1320 3261 (non
1337 3177 1385 3242 ite

581 3292 651 3370 loto
670 3280 837 3376 interjetio
855 3290 960 3378 meri.)
977 3290 1095 3356 Rhodii
1115 3309 1292 3376 numquam
1309 3308 1386 3374 pro·

524 3437 527 3444 ·
580 3403 758 3485 inverunt,
782 3401 890 3494 Graeci
904 3405 1007 3469 rnulto
1025 3404 1150 3484 minus,
1173 3400 1385 3468 Atheniensee

443 3432 518 3722 ).
577 3502 660 3588 '‘rero
681 3516 830 3597 tunditur
849 3519 1124 3606 repudiaveruntr
1144 3535 1287 3604 quorum
1300 3515 1389 3589 ieme
