3650 4350
523 417 573 490 ῃ,
771 387 1083 466 (ΠΑΤΟῙΙ.δ

530 587 627 661 atque
639 573 686 638 ita
700 571 808 656 petina
821 569 960 650 asturus,
981 580 1019 636 ut
1034 567 1333 640 existimatarerrii

532 694 669 756 deamur
682 685 790 770 loqui,
812 705 877 750 uun
889 681 1041 766 magistri.
1087 685 1132 750 ln
1148 705 1228 772 quu
1242 697 1336 752 tanea

531 803 661 887 lungiua
675 799 915 884 progredimur,
937 798 1023 879 quod
1036 797 1216 879 ridemur,
1239 805 1337 865 noata

534 919 606 984 haec
636 915 738 979 solum
765 909 828 977 esse
849 907 1042 988 letturum,
1072 903 1135 994 q'ui
1157 931 1205 978 ea
1228 913 1339 990 muita,

537 1047 734 1116 quartuor,
755 1025 812 1108 qui
833 1020 919 1107 quati
937 1024 1053 1088 docere
1071 1021 1274 1103 videamur,
1293 1025 1341 1090 ha·
1375 1109 1384 1122 ·

537 1143 615 1212 bear
631 1139 778 1213 notium
802 1137 853 1202 sed
870 1136 957 1200 huuc
976 1135 1115 1213 librum,
1138 1135 1277 1203 etiarnsi
1293 1137 1343 1202 ni·

536 1275 599 1321 uur
614 1251 719 1315 nostra
734 1247 1023 1324 commendatione,
1044 1257 1102 1313 tuu
1113 1258 1236 1318 tamen
1248 1249 1346 1316 nurui·

501 1431 503 1436 .
539 1387 581 1432 ue
593 1363 750 1444 divulgari
763 1359 885 1428 necesse
900 1361 958 1426 est.

472 1475 527 1560 32
605 1475 676 1542 Esse
690 1476 788 1556 igitur
802 1471 942 1558 perieste
957 1471 1139 1555 eloquentia
1154 1481 1266 1556 putu,
1287 1493 1348 1542 uua

470 1567 523 1626 ¹¹³
539 1611 609 1658 eam
630 1590 729 1654 iulum
749 1586 937 1653 facultatem
958 1584 1096 1662 habere,
1118 1605 1198 1670 quae
1219 1585 1263 1652 fit
1280 1588 1350 1672 ejua

538 1704 691 1790 propria,
715 1699 811 1776 ‘uie,
841 1700 971 1781 lateque
996 1697 1143 1775 dicendi,
1167 1699 1226 1765 sed
1252 1701 1351 1766 edan

539 1816 677 1884 vicinam
691 1812 772 1897 ejua,
786 1819 883 1896 atque
895 1808 1077 1887 finitimam,
1098 1809 1351 1882 dialecticorum

539 1915 702 1995 scientiam¹
720 1924 886 1991 assumere.
921 1940 1114 2007 quamquam
1139 1922 1237 1990 aliud
1262 1927 1352 1993 vide-

540 2051 597 2110 tur
621 2042 724 2107 oratio
746 2037 824 2117 esse,
853 2037 940 2102 aliud
959 2034 1147 2120 disputatio,
1171 2054 1237 2103 uec
1262 2039 1353 2106 idem

539 2157 633 2242 ioqui
654 2154 735 2229 esse,
758 2153 843 2235 quud
860 2151 985 2215 dicerer
1009 2155 1151 2215 attamen
1167 2157 1355 2239 utrumque

542 2273 577 2335 ia
587 2268 761 2334 disserendo
772 2262 828 2326 est.
857 2263 1034 2344 disputandi
1045 2262 1140 2341 ratio,
1162 2260 1356 2352 &loqueu-

543 2381 598 2456 dl,
621 2374 859 2441 dialetiicorum
878 2370 938 2437 srtt
959 2384 1123 2440 oratorum
1143 2384 1282 2458 autera,
1305 2380 1358 2447 di.

543 2490 638 2556 cendi
654 2487 687 2554 dr
709 2486 854 2551 ornandi.
890 2485 988 2559 ‚Zeno
1004 2488 1136 2570 quidem
1150 2487 1224 2565 iile,
1247 2508 1271 2557 a
1286 2512 1356 2577 quu

544 2603 704 2685 disciplina
725 2599 905 2665 Stoicorum
928 2600 989 2678 est,
1012 2619 1113 2667 manu
1130 2601 1356 2672 demonstrare

544 2718 683 2790 solebat,
705 2713 781 2796 quid
794 2712 878 2780 iuter
892 2714 951 2778 irae
967 2722 1052 2777 artes
1068 2711 1243 2779 interesset.
1269 2737 1351 2783 naua

546 2847 623 2892 curn
641 2823 863 2910 compresserat
878 2827 1014 2913 digitur,
1036 2844 1245 2909 pugnumque
1259 2828 1358 2896 sere·

545 2950 615 3015 rat,
637 2938 834 3004 dialetticam
856 2939 962 3023 ajebat
982 2938 1134 3021 ejusmodi
1155 2935 1238 3005 esser
1270 2960 1355 3006 euru

545 3063 654 3120 autern
667 3053 846 3127 diduxerat,
867 3050 1043 3118 &manum
1055 3051 1257 3129 dilataverat,
1281 3055 1358 3136 pai·

547 3187 611 3232 mae
629 3165 715 3230 illiue
735 3160 868 3228 similem
889 3163 1107 3257 eloquentiarn
1128 3162 1191 3229 effe
1209 3163 1356 3242 dicebat,

478 3289 531 3350 114
549 3280 659 3363 Atque
680 3276 778 3342 etiarn
798 3284 874 3341 ante
889 3276 976 3340 huuc
990 3274 1177 3343 Aristotelea
1192 3275 1359 3361 principio

547 3393 628 3457 artie
650 3387 815 3455 riuturicae
841 3387 938 3463 dicit,
968 3388 1057 3454 iilam
1076 3398 1179 3454 artem
1199 3385 1287 3472 quasi
1311 3398 1364 3461 ex

546 3507 649 3571 altera
671 3509 761 3586 parte
783 3499 974 3584 respondere
997 3499 1196 3569 diuletticaez
1226 3506 1266 3563 ut
1287 3499 1361 3580 hue,
