3650 4350
559 504 640 586 164
746 497 840 566 -11t
892 495 1203 616 VERRE!-

574 674 689 762 primis
706 676 792 740 inter
806 674 879 740 suos
895 673 1062 758 copiosus,
1088 672 1275 740 convivium
1296 693 1386 748 corn,-

576 799 692 874 parat:
715 796 810 872 rogat
825 788 1000 864 Rubrium,
1018 795 1074 864 ut,
1096 806 1177 872 quos
1192 788 1223 852 ei
1240 807 1388 871 commo-

577 905 658 969 dum
676 900 731 981 fit,
748 900 883 967 invitet:
903 901 1012 967 locum
1024 899 1082 966 fibi
1096 900 1170 979 soli,
1185 898 1209 965 fi
1223 900 1387 984 videatur,

499 1015 503 1020 ’
535 1087 538 1092 ,
576 1017 757 1100 relinquatt
781 1013 881 1080 etiem
904 1013 1010 1079 filium
1031 1007 1149 1092 luum,
1182 1011 1386 1080 lettiffimum

579 1128 839 1207 adolescentem,
870 1129 958 1194 iores
982 1130 1023 1193 ad
1048 1128 1268 1211 propinquum
1295 1128 1386 1193 suum

536 1245 742 1330 loquendam
761 1241 864 1307 mittit
887 1243 929 1307 ud
952 1260 1093 1307 coenum.-
1137 1238 1281 1305 Rubrius
1299 1240 1387 1305 istius

579 1358 717 1423 comites
733 1356 868 1424 invitat:
892 1376 951 1421 eos
966 1375 1078 1419 omnes
1096 1352 1216 1420 Verres
1234 1355 1388 1419 certiores

502 1478 505 1481 ’
577 1472 677 1548 fecit,
704 1471 782 1553 quid
798 1487 880 1550 opus
897 1466 986 1533 effet.
1008 1449 1134 1532 mtture
1146 1468 1307 1532 veniunt:
1329 1469 1387 1533 dis·

579 1582 757 1648 cumbitur.
779 1579 819 1644 fit
836 1581 939 1645 sermo
957 1581 1139 1658 intereos,
1164 1579 1199 1645 dr
1218 1561 1386 1659 invitatio,

577 1704 620 1761 ut
637 1692 752 1759 Graeco
770 1712 862 1758 moro
880 1693 1056 1759 biberetur.
1085 1695 1234 1759 hortator
1254 1695 1384 1778 hospes:

577 1797 1386 1893 poscuutmajoribuspoculis:celebreturomnium

577 1921 742 1999 sermone,
759 1921 944 2005 laetitiaque
957 1922 1153 1989 convivium.
1177 1919 1385 2005 Posteaquam

431 2023 437 2042 ⁸
499 2053 501 2058 ·
577 2034 655 2102 fetis
674 2037 781 2100 celere
801 2056 854 2101 res
870 2034 996 2102 Rubrio
1015 2035 1081 2102 viso
1096 2034 1160 2112 est;
1184 2033 1323 2113 Quaeso,
1337 2036 1386 2099 in·

577 2149 671 2236 quit,
682 2149 889 2228 Philodamo,
904 2168 964 2215 cur
974 2147 1016 2213 ed
1027 2164 1088 2214 nos
1105 2146 1205 2214 filitm
1219 2153 1312 2213 tuam
1321 2168 1385 2214 non

576 2263 667 2336 intro
692 2264 801 2330 vocari
819 2261 945 2347 jubes?
975 2262 1104 2340 Homo,
1124 2261 1191 2345 ·qui
1212 2259 1249 2328 δε
1265 2262 1386 2328 summa

576 2378 756 2461 grevstate,
772 2374 809 2443 oz
825 2376 892 2460 ium
908 2376 942 2441 id
958 2375 1085 2454 etatis,
1107 2373 1141 2440 &
1157 2392 1272 2459 parens
1289 2374 1386 2455 effot,

557 2489 560 2497 '
577 2488 746 2574 obstupuit
758 2489 900 2556 hominib
912 2487 1050 2573 improbi
1065 2485 1164 2555 didlo.
1187 2487 1310 2556 Instare
1320 2489 1387 2555 Ru·

576 2602 680 2669 brius.
703 2601 862 2681 Tumille
871 2647 882 2681 ,
899 2608 936 2667 ut
951 2602 1074 2689 aliquid
1089 2603 1310 2686 responderet,
1328 2625 1387 2671 ne·

441 2753 447 2764 ·
494 2691 497 2700 ¹
573 2717 666 2799 gavit
686 2717 788 2782 moris
811 2714 874 2782 effe
894 2712 1102 2794 Graecorum,
1127 2723 1166 2780 ut
1184 2716 1220 2780 in
1235 2717 1384 2808 concivio

560 2829 727 2895 uirorum
753 2830 982 2895 accumberent
1010 2829 1173 2895 mulieres.
1218 2829 1284 2895 Hic
1313 2832 1387 2897 tum

573 2941 660 3008 alius
676 2964 717 3008 ex
732 2943 798 3008 elic
809 2940 926 3027 parte}
946 2942 1122 3008 Enimvero
1137 2945 1310 3009 ferendum
1321 2945 1386 3010 boo

572 3074 641 3121 non
654 3055 719 3123 est:
740 3064 877 3124 vocetur
891 3055 1029 3124 muliere
1049 3054 1086 3122 dr
1101 3054 1192 3120 timul
1207 3056 1305 3123 servis
1320 3058 1387 3125 suis

573 3165 740 3247 Rubrius,
764 3178 803 3234 ut
821 3168 956 3253 januum
976 3170 1165 3237 clauderent
1178 3214 1191 3267 ,Ι
1210 3168 1247 3237 &
1269 3166 1326 3254 ipfi
1341 3172 1384 3236 ad

527 3281 662 3365 dpfores
679 3280 868 3362 assisterent,
884 3284 1033 3368 imperet.
1055 3283 1172 3359 eQuod
1189 3284 1246 3349 ubi
1261 3283 1318 3350 ille
1331 3285 1384 3349 in·

569 3396 694 3463 tellexit
708 3397 743 3464 id
760 3397 832 3480 agi,
856 3404 955 3482 atque
969 3397 1003 3462 id
1017 3398 1141 3481 parari,
1165 3405 1202 3461 ut
1220 3394 1298 3463 filiae
1313 3397 1380 3472 suso
1401 3450 1404 3455 .

569 3508 620 3573 vis
628 3508 822 3591 afferretur3
835 3511 944 3578 servos
955 3511 1028 3576 suos
1041 3512 1081 3578 ad
1091 3510 1122 3577 se
1131 3518 1244 3578 vocat:
1253 3511 1380 3578 bisim·

424 3661 427 3671 ·
563 3625 874 3714 peret,utseipsum
883 3626 1064 3715 negligent,
1072 3624 1176 3695 filiurn
1185 3625 1376 3711 defendente
