3650 4350
606 467 886 602 actionus
917 489 957 558 11
989 490 1088 560 Lm.
1119 491 1149 558 1.
1215 496 1282 583 267

478 669 750 737 constitueretur:
763 666 817 731 hic
825 666 984 733 sociorum
995 665 1161 730 ambustus
1172 668 1283 733 incon·

479 787 550 862 dio,
569 793 734 847 tamenta
749 781 805 845 illa
821 779 971 858 flamma:
986 779 1192 863 periculoque
1206 805 1284 850 evo·

478 899 579 974 lavit:
602 915 710 980 neque
725 894 831 960 adhuc
845 894 970 960 causam
985 893 1084 959 ullam
1099 896 1285 977 excogitare

479 1010 615 1097 potuit,
644 1009 853 1093 quamobrem
876 1007 1094 1084 commiserit,
1123 1019 1182 1074 aut
1204 1008 1284 1091 quid

478 1123 646 1198 evenerit,
674 1131 711 1187 ut
735 1121 769 1185 in
793 1126 921 1186 tantum
943 1121 1123 1203 periculum
1145 1122 1283 1190 veniret.

480 1239 558 1305 Non
576 1236 663 1302 enim
679 1234 781 1318 petest
800 1234 926 1301 dicere:
944 1254 1020 1298 curn
1035 1235 1221 1301 seditionem
1238 1236 1286 1303 se·

481 1356 560 1419 dare
583 1351 723 1425 vellem,
751 1368 825 1413 cum
850 1349 1051 1415 frumentum
1071 1349 1298 1432 imperarem,·

481 1480 558 1531 mm
572 1462 763 1547 stipendium
779 1481 948 1545 cogerem,
966 1481 1043 1529 cum
1055 1462 1176 1546 aliquid
1195 1464 1287 1530 deni·

479 1599 549 1664 que
568 1576 755 1661 reipublicae
777 1576 873 1642 causa
889 1597 1055 1660 gererem:
1076 1580 1163 1661 quod
1179 1579 1286 1644 acrius

476 1690 661 1778 imperavi,
680 1691 770 1773 quod
789 1690 1022 1767 animadverti,
1044 1694 1132 1773 quod
1146 1694 1287 1759 minatus

483 1808 564 1875 sum.
588 1800 976 1882 Quaefidiceret‚tamen
987 1804 1107 1886 ignosci
1117 1827 1181 1869 non
1192 1828 1288 1891 opor-

484 1930 587 1994 teret,
603 1915 628 1980 fi
641 1917 738 1982 nimis
753 1916 906 1979 atrociter
920 1916 1106 1998 imperando
1127 1918 1234 1995 sociis,
1253 1923 1288 1985 in

483 2041 611 2100 tantum
626 2027 784 2095 addutius
800 2028 977 2113 periculum
992 2029 1166 2094 videretur.
1189 2030 1289 2098 Nunc
1298 2030 1353 2116 28

485 2143 638 2229 cumipse
651 2142 776 2208 causam
789 2142 1049 2207 iiliustumultns
1059 2162 1165 2227 neque
1179 2164 1287 2213 veram
1296 2124 1335 2191 7¹¹

486 2262 615 2337 dicere,
632 2278 738 2343 neque
754 2249 863 2322 salsim
876 2255 1060 2337 confingere
1075 2259 1211 2329 audeat:
1229 2261 1289 2323 ho·

487 2396 543 2449 mn
560 2379 672 2456 autem
689 2372 811 2435 ordinis
825 2370 873 2435 sui
888 2367 1130 2452 frugalissimus,
1149 2374 1290 2455 quitum
1337 2370 1340 2375 ’

488 2487 639 2555 accensus
654 2484 692 2551 C.
703 2483 829 2549 Neroni
842 2485 924 2562 suit,
941 2485 976 2549 P.
987 2483 1134 2561 Tettius,
1149 2487 1219 2551 haec
1233 2508 1290 2553 ea.

488 2605 563 2668 dem
577 2588 610 2666 se
627 2598 791 2680 Lampsaci
807 2597 954 2681 cognosse
970 2599 1101 2665 dixerit:
1123 2600 1172 2691 vir
1187 2603 1292 2665 omni-

488 2717 550 2782 bu·
562 2714 660 2779 rebus
676 2709 889 2779 ornatisfimus
904 2713 941 2778 C.
956 2710 1077 2787 Varro,
1103 2714 1240 2795 quitum
1257 2715 1292 2781 in·

492 2826 567 2894 Asia
580 2827 729 2892 tribunus
743 2824 884 2889 militum
903 2825 987 2902 suit,
1011 2826 1082 2890 haec
1099 2829 1212 2893 eadem
1225 2830 1293 2912 ipse

492 2941 524 3007 se
539 2962 579 3007 er
596 2941 784 3009 Philodamo
803 2936 922 3002 audisse
936 2939 1039 3015 dicat:
1059 2940 1188 3023 potestis
1200 2924 1295 3005 dulii-

491 3064 582 3131 tare‚
601 3055 679 3139 quin
694 3053 789 3118 isium
802 3052 934 3115 sortuna
948 3072 1013 3116 non
1029 3061 1095 3117 tam
1113 3055 1220 3122 existo
1235 3075 1294 3138 pe.

491 3169 593 3236 riculo
611 3168 735 3251 eripere
748 3162 902 3238 voluerit,
918 3168 1071 3247 quam-ad
1087 3165 1222 3234 vestrum
1240 3168 1295 3252 ju·

491 3282 612 3351 dicium
626 3277 810 3347 reservare?
829 3276 896 3342 Nifi
909 3257 987 3343 vero
1001 3278 1080 3343 illud
1095 3280 1196 3359 dicet,
1207 3285 1294 3363 quod

493 3393 528 3462 dr
546 3394 580 3455 in
597 3390 910 3465 testimoniosettii,
930 3392 1037 3477 priore
1054 3390 1180 3460 actione
1193 3395 1296 3460 intet-

492 3504 627 3588 pellavit
646 3500 861 3571 Hortenfius:
885 3503 975 3591 (quo
998 3488 1295 3593 tempore⁵quidem

493 3614 664 3703 ignitam
682 3602 794 3696 dedit,
819 3615 843 3685 si
864 3621 950 3706 quid·
962 3618 1040 3689 effe:
1052 3664 1071 3701 ,ι
1082 3622 1173 3710 qnod
1188 3622 1297 3712 ,posset
1316 3710 1323 3735 ,

1324 3994 1356 4034 ,Ι
