3650 4350
499 501 546 567 w
737 481 1049 555 ·0RAT10

503 670 611 740 tendis
626 674 751 749 ternpus
770 683 865 727 omne
878 658 1104 736 consumserit;
1130 657 1198 745 qui
1214 656 1316 743 posted

505 783 725 854 vadimonium
750 798 880 863 quoque
904 774 1031 841 miiium
1048 772 1199 851 fecerit,
1238 774 1317 839 hunc

506 918 565 985 per
582 894 709 960 infidias
730 894 763 957 vi
781 893 821 955 de
841 910 918 973 agro
944 888 1113 952 communi
1138 887 1318 972 dejecerit,

508 1013 564 1097 qui
574 1057 584 1087 ,
606 1030 682 1074 cum
700 1010 739 1072 de
759 1026 793 1070 re
808 1004 933 1086 agendi,
953 1003 1044 1067 nullo
1058 1002 1253 1080 recusante,
1268 1020 1320 1085 po·

508 1125 605 1192 testas
631 1120 755 1197 fuiffet,
784 1116 979 1204 sponfionem
1000 1117 1040 1183 de
1059 1116 1186 1199 probro
1216 1116 1321 1180 facere

511 1237 686 1312 maluerit3
710 1234 777 1315 qui,
800 1237 1050 1299 cumrevocetur
1059 1229 1142 1294 adid
1153 1228 1322 1311 judicium,

513 1353 600 1416 unde
624 1349 695 1413 haec
726 1353 803 1410 nata
834 1344 905 1406 sunt
936 1343 1060 1420 omnia,
1095 1342 1323 1409 conditionem

514 1457 720 1543 aequiisrmam
734 1455 900 1537 repudiet;
923 1459 1076 1532 fateatur,
1097 1454 1216 1523 senon
1230 1474 1324 1541 pecu·

512 1576 612 1643 niam,
635 1570 687 1635 sed
702 1568 802 1633 vitam
812 1565 846 1630 δι
859 1569 1044 1651 sanguinem
1059 1578 1193 1652 petere3
1217 1569 1250 1638 is
1263 1588 1322 1633 non

513 1687 576 1752 hoc
591 1682 697 1765 palam
714 1678 816 1743 dicit?
835 1681 914 1748 mihi
929 1681 951 1746 fi
966 1684 1043 1771 quid
1058 1682 1252 1760 deberetur,
1272 1701 1323 1766 pe·

513 1807 635 1871 terem,
672 1771 772 1875 ardue
800 1794 879 1857 adeo
901 1795 1092 1879 jampridem
1116 1792 1322 1861 abstuliffem.

472 1931 506 1991 47
518 1910 597 1977 nihil
611 1908 674 1971 hoc
693 1915 785 1971 tanto
807 1909 956 1990 negotio,
985 1910 1065 1976 nihil
1082 1917 1151 1976 tarn
1165 1906 1323 1977 invidioso

486 2049 500 2068 1
516 2021 656 2109 judicio,
684 2020 765 2086 nihil
783 2028 850 2085 tam
871 2022 998 2106 copiosa
1021 2023 1239 2090 advocatione
1256 2028 1324 2087 ute·

517 2157 582 2215 rer,
604 2132 814 2219 fipetendum
826 2132 922 2202 esset:
945 2139 1204 2221 extorquendum
1220 2135 1266 2205 est
1276 2135 1325 2203 in·

515 2243 700 2333 vito'atque
719 2249 886 2330 ingratiis:
919 2250 1005 2334 quod
1028 2269 1093 2313 non
1113 2252 1231 2327 debet,
1263 2248 1326 2313 eri·

514 2365 667 2451 piendum
684 2369 785 2446 atque
800 2364 1044 2444 exprimendum
1062 2362 1124 2431 est:
1154 2365 1197 2428 de
1219 2345 1326 2429 furtu·

514 2481 567 2545 nis
585 2475 734 2542 omnibus
759 2475 794 2538 P.
820 2475 977 2553 Quintius
1006 2477 1227 2542 deturbandus
1256 2474 1323 2541 est:

513 2598 683 2677 potentes,
707 2587 833 2664 diserti,
862 2588 989 2656 nobiles
1011 2610 1124 2657 ornnes
1144 2588 1327 2655 advocandi

469 2686 472 2691 ¹
514 2704 603 2769 sunt:
624 2700 1069 2769 adhibendavisestveritati:
1093 2699 1327 2786 minaejasten·

504 2825 590 2893 tur:
614 2815 759 2898 pericula
771 2803 996 2882 intendantur:
1018 2816 1205 2882 formidines
1221 2834 1330 2907 oppw

516 2937 648 3002 nentur,
669 2935 708 2992 ut
724 2927 763 2994 iis
780 2929 875 2992 rebus
889 2930 1062 3012 aliquando
1078 2926 1183 2995 vidtus
1196 2927 1233 2994 δι
1248 2948 1327 3014 per·

516 3041 651 3106 territus
667 3039 732 3127 ipse
749 3043 854 3108 cedat.
900 3043 984 3123 Quae
1000 3042 1187 3108 mehercule
1198 3043 1325 3120 omnia,

514 3175 609 3230 curn,
632 3154 689 3236 qui
702 3164 816 3219 contra
829 3165 990 3238 pugnent,
1013 3156 1118 3233 video,
1141 3154 1177 3221 dc
1192 3175 1268 3219 cunr
1283 3155 1328 3219 il·

515 3268 584 3332 lum
601 3266 774 3332 consessum
798 3269 979 3348 confidere,
1016 3267 1121 3334 adeffe
1146 3278 1243 3352 atque
1261 3268 1328 3332 im-

487 3469 490 3474 .
515 3380 656 3465 pendere
675 3381 843 3459 videntur,
879 3402 984 3467 neque
1009 3385 1104 3448 vitari
1130 3383 1196 3446 ullo
1224 3384 1325 3446 modo
1351 3425 1354 3434 ·

516 3494 612 3582 poiie.
637 3515 710 3558 cum
728 3504 835 3559 autem
855 3497 896 3560 ad
911 3504 962 3574 te,
985 3496 1021 3563 C.
1038 3496 1179 3580 Aquilli,
1209 3495 1337 3569 oculos-

515 3609 722 3694 anirnumque
732 3608 846 3688 retuli3
866 3600 929 3694 quo
942 3610 1062 3696 majore
1076 3618 1195 3677 conatu
1203 3607 1326 3676 studio-
