3650 4350
515 475 537 548 s
739 467 1113 540 'ORATIO'

517 643 544 712 ii
562 662 626 731 qua
642 644 677 711 in
695 666 749 725 re,
770 646 901 731 idquod
916 648 1035 742 purati
1052 646 1137 714 sunt
1151 649 1307 728 fueruit

519 760 591 827 ium
606 761 729 825 crimen
746 759 835 846 quafi
857 770 1071 828 venenatum
1094 763 1234 847 aliquod
1249 766 1309 832 tun
1332 759 1335 764 ’

518 874 655 960 jecerint
664 920 676 952 ‚
705 875 872 938 medicinae
888 874 1058 940 faciendae
1073 877 1183 942 locus
1196 897 1257 943 non
1269 881 1312 945 eu
1337 955 1343 966 ι

495 991 561 1056 9Ιά
577 988 694 1053 accidit
707 989 855 1071 praetoris
864 986 1048 1070 Iniquitate
1060 987 1100 1054 δι
1119 990 1262 1072 injuria:
1278 993 1316 1076 pri·
1336 989 1339 996 '

521 1124 612 1169 mum
625 1102 710 1183 quod
735 1109 847 1164 contra
866 1100 1015 1165 omnium
1046 1102 1318 1181 consuetudinem,

518 1216 675 1301 judicium
689 1215 780 1297 prius
795 1217 835 1278 de
850 1214 985 1298 probro,
1008 1233 1118 1296 quum
1134 1217 1182 1282 de
1197 1238 1252 1296 re,
1277 1237 1322 1282 tu·

518 1331 583 1395 luit
598 1328 689 1391 fieri:
710 1329 836 1404 deinde,
857 1328 945 1411 quod
954 1326 1001 1391 ita
1013 1326 1201 1396 constituit
1212 1332 1324 1416 idipsum

521 1442 698 1525 judicium,
720 1452 759 1505 ut
776 1458 863 1517 reus,
884 1447 1065 1524 antequam
1081 1431 1236 1510 verbum
1250 1465 1327 1510 accu-

520 1554 635 1618 satoris
658 1552 812 1629 audisset,
847 1553 973 1617 causam
995 1553 1110 1619 dicere
1142 1569 1329 1641 cogeretuu
1357 1583 1360 1590 ·

522 1668 609 1751 quod
631 1687 745 1730 eorum
770 1665 926 1749 gratia&
941 1667 1088 1747 potentia
1111 1668 1254 1738 fastum
1282 1673 1332 1752 est,

523 1780 600 1865 qui,
623 1778 711 1862 quast
729 1780 782 1844 sua
796 1799 847 1843 res
863 1788 921 1844 aut
933 1780 1039 1850 honus
1054 1789 1200 1863 agatur,
1233 1786 1281 1850 ita
1296 1788 1332 1851 di.

519 1893 659 1977 ligenter
678 1892 752 1958 Sex.
771 1892 879 1958 Naevii
897 1890 999 1957 studio
1020 1890 1054 1957 ἃ
1076 1896 1262 1977 cupiditati
1275 1913 1334 1964 mu·

519 2029 591 2075 rem
605 2015 741 2091 gerunt3
765 2006 799 2071 δι
820 2007 855 2070 in
870 2005 1029 2089 ejusmodi
1045 2007 1147 2072 rebus
1165 2030 1253 2094 opes
1272 2013 1336 2078 suat

519 2125 750 2209 experiuntur,
778 2122 813 2185 in
844 2120 979 2205 quibus,
1009 2138 1078 2203 quo·
1096 2120 1178 2204 plus
1202 2135 1337 2212 propter

518 2240 675 2305 virtutem
689 2236 957 2317 nobilitatemque
971 2232 1118 2318 poffunt,
1142 2256 1187 2300 eo
1206 2240 1337 2319 minus,

473 2359 677 2436 liquantum
692 2344 816 2431 possut,
839 2349 956 2413 debent
964 2345 1140 2412 ostendere.
1189 2349 1279 2429 Cum
1291 2360 1338 2417 tot

516 2465 684 2545 tantisque
710 2459 957 2525 difficultatibus
979 2456 1114 2525 affettus
1127 2466 1229 2545 atque
1251 2465 1339 2531 affli-

517 2572 601 2650 itus,
623 2575 657 2637 in
670 2584 774 2651 tuam,
797 2574 834 2640 C·
852 2572 989 2658 Aquini,
1011 2572 1119 2650 fidem,
1142 2577 1339 2658 veritatem,

516 2685 765 2752 misericordiam
788 2687 824 2751 P.
849 2686 1005 2762 Quintius
1029 2687 1228 2770 confugerit:
1254 2711 1338 2757 cum

516 2800 622 2864 adhue
637 2800 679 2876 ei,
688 2807 818 2883 propter
834 2800 902 2864 vim
917 2795 1183 2878 adversariorum,
1194 2820 1266 2866 non
1277 2805 1337 2888 ius

515 2931 591 2998 par,
612 2934 679 2978 non
693 2913 809 2996 agendi
821 2912 959 2997 potestas
978 2913 1197 2988 eadem,·non
1222 2920 1336 3000 magi-

515 3026 635 3092 stratus
660 3047 773 3112 aequus
799 3027 933 3111 reperiri
959 3025 1126 3109 potuerit:
1164 3046 1242 3090 cum
1274 3032 1336 3109 ei,

515 3140 669 3205 summam
683 3160 740 3225 per
754 3139 926 3225 injuriam,
957 3139 1064 3207 omnia
1079 3138 1209 3204 inimica
1224 3147 1337 3226 atque

510 3254 627 3339 infesta
640 3254 780 3331 fuerint3
805 3263 857 3329 te,
878 3253 917 3319 C.
932 3251 1073 3335 Aquilli,
1097 3270 1238 3335 vosque,
1267 3256 1330 3337 qui

512 3366 546 3431 in
563 3364 692 3431 consilio
710 3365 841 3443 adestis,
878 3373 950 3429 orat
971 3373 1070 3448 atque
1094 3364 1255 3442 obsecrat,
1285 3376 1331 3433 ut

510 3481 624 3546 multis
637 3479 763 3564 injuriis
771 3476 928 3562 'jaitatam
937 3488 1035 3562 atque
1049 3478 1205 3560 agitatam
1218 3479 1326 3561 aequi·

508 3600 628 3672 tatem,
650 3595 685 3660 in
699 3593 762 3658 hoc
775 3593 906 3661 tandem
919 3593 992 3660 loco
1007 3589 1173 3660 confistere
1189 3589 1225 3658 ic
1241 3610 1321 3657 cou-
