3650 4350
538 491 582 568 n
787 473 1091 563 oneron

399 651 402 656 ’
474 670 484 688 ”
537 664 609 732 haec
622 663 689 745 nin,
711 683 810 751 qnam
824 663 1011 751 quaerimus,
1033 675 1152 754 quanta
1163 667 1217 748 fit,
1239 671 1343 756 inspi-

474 805 476 812 ·
537 796 667 858 remur,
697 781 851 865 quoniam
870 782 1053 864 exemplum
1074 802 1138 848 non
1161 784 1336 864 habemur3

532 902 609 972 aut,
630 891 812 978 fiexempla
826 893 998 979 sequimur,
1016 913 1039 958 a
1056 895 1269 963 Demosthene
1286 899 1338 963 su-

533 1025 672 1084 mamus,
695 1007 728 1073 ἀ
743 1009 870 1092 quidem
883 1017 1050 1091 perpetuae
1060 1007 1219 1089 difflonis,
1241 1033 1334 1076 exeo

531 1120 623 1199 loco,
643 1122 746 1202 unde,
768 1122 803 1187 ln
820 1117 1031 1206 Ctesrphontin
1049 1121 1188 1204 judicio,
1212 1128 1251 1190 de
1269 1126 1334 1190 suin

452 1249 455 1261 ·
529 1228 643 1311 uuis,
665 1233 822 1315 confillir,
844 1236 970 1301 meritin
984 1234 1019 1299 in
1032 1237 1261 1321 rempublicam
1276 1258 1334 1322 ag·

491 1375 495 1383 ·
530 1344 652 1428 gressus
667 1346 713 1413 est
727 1349 845 1414 dicere.
871 1350 922 1413 Ea
935 1347 1078 1432 profesto
1096 1351 1199 1415 oratio
1213 1350 1331 1425 ineam

526 1459 687 1539 formam,
709 1481 783 1546 quae
802 1459 847 1527 est
867 1456 959 1526 iufita
977 1461 1010 1526 in
1025 1463 1185 1528 mentibus
1203 1463 1330 1543 nostrie,

501 1609 503 1613 ·
526 1571 652 1645 includi
668 1573 711 1639 fic
731 1572 853 1663 potest,
875 1582 914 1641 ut
928 1572 1033 1658 major
1056 1576 1241 1660 eloquentia
1264 1597 1330 1642 non

413 1697 415 1704 '
527 1687 722 1773 requiratur.
787 1680 789 1686 ’

459 1810 517 1953 99
593 1801 658 1868 Sed
675 1800 742 1887 jam
761 1800 864 1866 forma
886 1797 953 1885 ipio
973 1798 1083 1879 restat,
1106 1796 1142 1868 oz
1162 1795 1328 1867 charaeter

477 1907 512 1966 34
526 1914 583 1981 ille
601 1915 659 2000 qni
681 1915 821 1993 dicitur;
851 1915 907 1999 qui
923 1914 1026 2008 qualia
1046 1910 1109 1981 effe
1129 1904 1261 1992 debeat,
1283 1937 1325 1981 ex
1368 1969 1370 1976 Α

465 2039 471 2048 ’
524 2026 620 2115 ipfir,
642 2048 721 2129 quae
735 2027 829 2115 snpra
847 2026 933 2097 dista
949 2027 1037 2110 sunt,
1058 2026 1195 2112 intelllgi
1210 2029 1323 2113 potest.

523 2142 610 2214 Nam
625 2140 660 2211 δι
675 2142 870 2229 fingulorum
885 2146 1078 2221 verborum,
1100 2136 1134 2210 lic
1150 2143 1324 2210 collocato·

522 2280 599 2328 rum
618 2260 744 2346 lumina
768 2237 953 2340 attigimus}
981 2258 1098 2342 quibus
1117 2251 1161 2320 fic
1179 2257 1323 2324 abuuda-

521 2373 590 2449 bit,
612 2378 653 2436 nt
668 2371 801 2436 verbum
819 2389 859 2433 ex
874 2386 932 2433 ore
943 2369 1088 2446 nullum,
1109 2362 1167 2431 nifi
1184 2375 1241 2432 aut
1257 2369 1323 2432 ele·

521 2501 619 2566 gano,
641 2488 699 2544 aut
720 2494 818 2562 grave
839 2486 953 2545 exeat:
974 2498 1015 2544 ex
1034 2479 1186 2570 omnique
1203 2497 1321 2560 genere

393 2647 395 2652 ,
519 2587 780 2676 frequentiffimae
796 2590 1021 2685 trannlationes
1034 2599 1144 2670 erunt,
1167 2592 1256 2674 quod
1271 2613 1318 2656 eae

517 2712 650 2793 propter
657 2702 898 2771 similitudinem
910 2705 1110 2770 transferunt
1125 2704 1261 2780 anieron,
1283 2702 1319 2770 &

520 2819 674 2897 referunt,
696 2836 734 2882 ac
747 2828 880 2883 movent
891 2819 957 2885 huc
969 2813 1003 2883 u
1015 2812 1112 2883 illuc:
1135 2816 1193 2901 qul
1209 2824 1318 2881 motnr

517 2920 747 3015 cogitationia',
776 2931 924 2997 celeriter
944 2931 1106 3015 agitatus,
1134 2948 1191 3014 per
1207 2930 1318 3014 seipse

518 3040 667 3112 deletur.
705 3045 749 3108 Et
761 3045 897 3129 reliqua,
920 3065 961 3109 ex
976 3043 1186 3130 collocatione
1203 3045 1317 3109 verbo·

448 3234 450 3245 Ι
516 3175 610 3237 rum,
631 3177 706 3242 qnae
717 3157 887 3225 sumuntur
898 3155 986 3242 quali
998 3157 1122 3222 lumina
1129 3203 1141 3236 ,
1163 3177 1316 3242 magnum

516 3269 658 3338 afferunt
669 3254 818 3339 ornatum
831 3271 982 3336 orationi.
1005 3268 1088 3336 Sunt
1102 3270 1189 3363 enim
1202 3269 1314 3335 similia

515 3383 598 3459 illis,
620 3404 695 3470 quac
713 3384 747 3450 in
762 3383 869 3470 amplo
889 3391 1006 3449 ornatu
1027 3382 1148 3464 scenae,
1170 3393 1231 3449 ant
1250 3382 1313 3449 fori

515 3499 718 3582 appellantur
734 3494 884 3582 inlignia3
900 3516 979 3583 non
996 3499 1081 3581 quod
1100 3498 1165 3562 iola
1184 3504 1312 3572 ornent.

442 3620 498 3687 ³35
517 3610 569 3678 sed
582 3612 850 3726 qnoi'excdlant
893 3610 1017 3679 Eadem
1028 3609 1111 3681 ratio
1125 3606 1170 3677 est
1182 3610 1313 3690 nonum,

418 3800 443 3840 k
