3650 4350
506 496 553 564 m
773 455 1067 552 orario

510 659 574 724 esse
596 657 801 741 potuerunt?
833 655 886 721 Sic
907 659 938 723 se
959 677 1018 723 res
1042 658 1182 735 habet,
1207 657 1307 741 indite.

512 769 663 853 Magnam
675 773 737 834 vim
746 816 756 847 ,
766 790 915 851 maguam
924 769 1182 849 necessitatem,
1194 792 1311 855 magnae
1336 841 1342 850 ,

513 881 647 968 posidet
683 884 871 964 religionem
900 894 1067 965 paternus
1103 895 1314 969 maternusque

513 996 658 1079 sanguis:
678 1018 717 1062 ex
735 1016 798 1079 quo
815 994 840 1058 ss
858 1015 922 1078 qua
938 998 1073 1060 macula
1095 1009 1263 1080 concepta
1277 1001 1316 1076 est,

515 1129 581 1175 non
596 1111 691 1173 modo
709 1110 773 1172 elui
793 1128 858 1172 non
875 1108 995 1190 potest,
1024 1129 1157 1174 verum
1182 1112 1281 1195 usque
1296 1135 1319 1176 et

515 1235 682 1305 permanat
692 1224 730 1285 ad
745 1223 904 1297 animum,
913 1231 950 1284 ut
963 1219 1119 1287 summus
1135 1224 1236 1287 furor
1248 1237 1321 1308 atque

473 1337 657 1419 mamertia
681 1336 906 1417 consequatur.
943 1330 1057 1397 Nolite
1083 1335 1186 1400 enirn
1210 1348 1324 1420 putare,
1359 1413 1362 1418 .

516 1449 783 1530 quemadmodum
800 1443 972 1509 in'sabulis
988 1445 1234 1529 saepenumero
1256 1452 1325 1515 vide·

514 1561 575 1632 tis,
591 1581 666 1635 eos,
683 1561 737 1642 qui
751 1561 872 1641 aliquid
884 1558 982 1641 impie
996 1558 1238 1648 scelerateque
1255 1584 1327 1626 con·

515 1672 678 1747 miserint,
701 1672 814 1752 agitari
840 1670 874 1737 &
891 1672 1064 1755 perterreri
1084 1674 1270 1740 furiarum
1282 1687 1328 1739 tae·

516 1785 566 1848 dis
584 1786 779 1849 ardentibus.
809 1781 874 1847 Sua
891 1802 1053 1867 quemque
1069 1788 1194 1861 fraus,
1213 1788 1251 1853 δι
1267 1790 1327 1853 suut

517 1878 623 1962 terror
643 1898 781 1964 maxime
798 1906 912 1969 vexat:
932 1901 1022 1960 suum
1039 1917 1220 1983 quemque
1238 1902 1328 1967 scelos

518 2012 637 2093 agitat,
655 2011 860 2091 amentiaque
875 2007 992 2072 afficit:
1008 2008 1071 2073 suae
1086 2013 1192 2076 malae
1211 2016 1328 2097 cogita·
1356 2021 1360 2030 '

518 2127 624 2188 tiones
642 2124 904 2207 conscientiaeque
922 2123 1019 2186 animi
1034 2132 1177 2189 terrent.
1193 2128 1251 2193 hae
1267 2130 1329 2192 sont

520 2239 628 2320 impiis
637 2236 763 2301 affiduae
777 2234 1020 2320 domesticecque
1029 2236 1155 2315 Furiao3
1169 2260 1257 2322 quae.
1267 2244 1330 2306 dien

519 2349 698 2433 noiiesque
716 2359 884 2432 parentum
899 2369 1011 2429 poenas
1026 2368 1044 2410 a
1060 2353 1328 2418 consceleratissi-

473 2474 506 2537 68
517 2465 578 2527 mis
594 2463 670 2526 iuliis
685 2472 842 2541 repetant.
867 2460 948 2524 Hm
963 2444 1152 2543 magnitudo
1170 2467 1328 2530 maleficii

513 2577 613 2650 facit,
631 2583 685 2649 ut,
704 2573 761 2636 nisi
779 2595 869 2657 poene
887 2573 1090 2637 manifestum
1108 2571 1326 2658 parricidium

513 2690 712 2770 proseratur,
728 2688 878 2751 credibile
892 2709 957 2750 non
973 2686 1029 2749 stt:
1047 2685 1105 2750 nist
1118 2692 1230 2771 turpis
1246 2695 1327 2756 ado·

511 2801 690 2876 terrentia,
714 2798 772 2863 nist
795 2801 945 2865 omni-bus
971 2799 1101 2881 flagitiis
1123 2801 1193 2865 vita
1212 2805 1327 2887 inqui-

512 2923 617 2989 nata,
641 2911 698 2979 uisi
723 2913 844 2977 sumtus
868 2911 956 2980 effusi
980 2933 1054 2976 cum
1071 2906 1197 2995 'probro
1222 2926 1326 3003 atque

512 3028 693 3104 dedecore,
713 3023 771 3090 nifi
792 3035 947 3110 prorupta
965 3027 1121 3099 audacia,
1145 3025 1203 3089 nist
1227 3041 1326 3097 tanta

408 3214 411 3219 A
510 3140 675 3204 temeritas
682 3148 740 3215 ,ut
749 3160 812 3203 non
821 3139 937 3223 procul
949 3139 1116 3203 abhorreat
1125 3139 1164 3202 ab
1179 3138 1319 3210 insanio.

511 3251 656 3318 Accedat
664 3252 865 3332 hucoportet
875 3253 985 3316 odium
993 3252 1152 3334 parentis,
1169 3252 1322 3321 animadv

510 3365 662 3431 versionis
675 3375 816 3445 paternae
826 3373 949 3439 metus,
960 3365 1058 3429 amici
1067 3364 1224 3449 improbi.
1233 3367 1320 3432 servi

511 3480 651 3553 conscii,
677 3487 804 3562 ternpus
820 3478 996 3553 idoneum,
1019 3479 1111 3541 locus
1131 3489 1321 3562 opportune

510 3600 622 3675 ¹captus
642 3593 682 3657 ad
699 3610 772 3658 eam
793 3610 880 3658 rem:
902 3608 997 3673 paene
1012 3591 1135 3669 dicam,
1157 3591 1315 3677 respersae
