3650 4350
483 507 569 579 ,ῳ
645 481 774 550 ern
821 445 1181 552 vernem·
1272 435 1278 488 ³

506 665 598 734 sunm
618 666 712 745 putat
733 657 796 724 eise
817 656 1007 742 judicium:
1039 656 1084 724 ἀ
1108 656 1208 724 reete
1230 665 1306 744 pont
1334 671 1337 676 ·

509 771 774 856 confringat-iste
785 772 857 837 inne
872 770 905 836 vi
921 772 979 836 sna
994 769 1144 838 confina
1157 759 1307 854 sentierint

440 908 460 934 ··
512 890 705 978 quaestiones
729 886 875 950 omnium
896 893 1129 970 perrumpat:
1162 887 1273 954 evolet
1288 910 1310 954 o
1344 897 1347 902 '

393 1024 395 1029 ·
511 1002 617 1072 vestra
636 1000 828 1066 severitatet
857 997 937 1062 mihi
955 1000 1114 1077 credite,
1137 996 1312 1067 crfflontn
1350 1067 1353 1072 ,

513 1118 600 1201 apud
618 1114 772 1199 populum
788 1112 971 1177 Romanum
991 1113 1135 1196 loquele
1156 1115 1314 1185 tenebitur.

412 1257 417 1268 ·
513 1230 631 1298 Credet
655 1229 696 1292 iio
720 1226 886 1309 equitibus
911 1223 1075 1291 Romanis
1103 1227 1257 1311 populus
1272 1227 1322 1302 Ro·v

512 1361 630 1412 manus
640 1388 649 1419 ,
659 1341 716 1425 qui
730 1342 835 1406 advos
849 1348 945 1404 antea
957 1336 1117 1424 produsti
1132 1339 1318 1428 testes,ipir

512 1453 782 1540 insperantibus,
797 1455 837 1535 ab
853 1451 911 1517 isto
928 1453 1032 1518 civem
1041 1451 1265 1532 Romanum,
1278 1455 1319 1541 qni
1354 1515 1359 1522 .

515 1571 698 1655 cognitores
719 1566 867 1631 homines
890 1564 1038 1631 honestos
1066 1567 1206 1646 daret,
1237 1568 1321 1633 subm

472 1689 587 1766 xitum
600 1679 663 1746 eise
676 1681 709 1743 in
725 1673 855 1743 crucem
870 1678 1030 1745 dixerunt.
1054 1679 1215 1746 Credent
1227 1702 1323 1748 omoer

515 1816 543 1862 v
570 1792 604 1860 ἂ
627 1814 706 1857 xxx
738 1793 841 1857 tribus
867 1792 991 1858 homini
1016 1791 1217 1876 graviffimo
1239 1805 1325 1879 atquo

514 1905 712 1973 ornatiffimo
728 1907 772 1970 Μ.
784 1906 913 1983 Annio,
934 1906 1008 1990 qui,
1025 1905 1060 1970 ie
1076 1907 1270 1992 praesente,
1289 1910 1326 1973 ci·

516 2044 591 2089 vem
614 2020 797 2085 Romanum
817 2019 922 2083 securi
941 2018 1127 2102 percussum
1150 2020 1221 2088 effe
1244 2022 1326 2088 dixit.

516 2136 668 2204 audietur
693 2153 713 2199 a
735 2133 854 2218 populo
879 2130 1024 2197 Romnno
1052 2134 1105 2200 vir
1131 2136 1325 2217 primarios,

495 2304 497 2309 .
516 2269 617 2335 eques
628 2249 811 2325 Romanus,
829 2247 868 2312 L.
880 2245 1028 2324 Flavius,
1042 2248 1102 2329 qui
1118 2248 1219 2313 suum
1235 2251 1324 2317 farni-

513 2364 629 2431 liorem
643 2363 864 2439 Herennium,
879 2359 1117 2442 negotiatorem
1138 2382 1182 2425 ex
1201 2363 1322 2442 Africa.

516 2496 592 2541 cum
616 2496 693 2542 enm
714 2472 883 2559 Syrncnfis
909 2473 1047 2556 amplius
1072 2476 1213 2542 centum
1240 2479 1322 2543 niver

430 2634 433 2639 -
515 2590 656 2654 Romani
679 2587 929 2671 cognoscerent,
954 2584 1253 2674 lacrymantesque
1271 2593 1321 2656 de·

511 2701 705 2777 ienderent,
728 2720 787 2782 pro
803 2700 986 2765 testimonio
1003 2698 1108 2780 dixit,
1130 2702 1242 2768 securi
1263 2701 1321 2769 effe

512 2809 707 2893 percutiam.
730 2812 884 2879 Probabit
897 2814 1016 2893 fidem,
1031 2811 1066 2880 &
1080 2811 1321 2896 austoritatem,

512 2921 748 3004 &religionem
766 2925 856 2990 suern
873 2927 912 2992 L.
928 2925 1082 3006 Suetius,
1101 2926 1201 2991 horno
1216 2931 1320 2994 omni·

448 3061 451 3069 ·
511 3038 573 3104 bns
593 3037 790 3102 ornamentis
808 3041 982 3123 praeditus,
1007 3040 1063 3123 qui
1080 3039 1209 3123 jnretus
1225 3043 1320 3126 ¹tronti

509 3172 571 3219 vos
590 3150 688 3228 dixit,
710 3151 831 3227 multos
855 3155 943 3221 cives
965 3153 1127 3220 Romanos
1148 3154 1184 3217 in
1205 3156 1319 3220 lautu·

507 3263 698 3341 ministros
707 3266 842 3348 imperio
857 3265 1068 3332 crudeliiirrne
1080 3287 1139 3350 per
1150 3267 1218 3332 vim
1225 3290 1316 3334 mor-

508 3388 545 3444 te
554 3376 616 3444 effe
625 3379 789 3443 multatos.
811 3379 906 3443 Hanc
917 3400 977 3464 ego
990 3381 1116 3446 causam
1129 3399 1206 3447 cum
1217 3401 1315 3466 agan

504 3490 662 3558 beneficio
680 3493 793 3578 populi
808 3490 962 3571 Romani,
982 3496 1023 3559 de
1040 3495 1112 3560 loeo
1127 3493 1314 3579 superiore,

502 3624 569 3676 non
582 3626 714 3707 vereor,
737 3625 780 3680 nr
799 3606 971 3681 eutitium
987 3609 1034 3697 vir
1053 3609 1118 3678 uilo
1133 3630 1176 3679 cx
1191 3608 1312 3698 pennu
