3650 4350
487 468 490 475 ’
574 484 650 591 52'
744 519 751 549 ι
835 499 1123 583 'ORATIO

526 657 528 666 ’
576 680 612 767 sa
624 698 700 743 cum
713 675 805 767 cansa
822 681 1051 757 contenderet3
1081 699 1140 744 nos
1161 677 1306 745 nostram
1322 700 1400 766 per·

580 794 678 859 facile
690 792 795 857 cuivis
807 793 997 876 probaturos
1016 781 1246 858 statuebamne.
1294 795 1399 871 Quod

582 908 660 972 vitae
678 905 760 969 ratio
776 924 850 975 cum
865 906 989 997 ratione
1010 907 1086 971 vitae
1102 907 1316 985 decerneret3
1348 910 1400 971 id·

479 1033 482 1041 ‘
584 1020 672 1101 circo
696 1003 786 1081 nobie
806 1018 905 1081 etiam
928 1019 1031 1102 magis
1048 1027 1080 1081 te
1104 1019 1210 1102 judice
1230 1039 1317 1103 opus
1334 1020 1399 1085 effe

585 1131 733 1198 arbitrati
749 1130 869 1194 sumus.
891 1132 942 1194 Ea
959 1151 1010 1195 res
1026 1133 1112 1196 enim
1129 1134 1263 1196 nuncin
1283 1135 1400 1198 discri-

587 1248 675 1313 mine
689 1244 841 1319 versatur,
856 1253 1008 1308 utrumne
1023 1243 1113 1327 possrt
1125 1246 1154 1310 se
1164 1256 1281 1310 contra
1298 1250 1400 1312 luxu·

587 1361 669 1437 riam
684 1357 896 1423 aclicentiam
910 1356 1068 1421 rusticana
1084 1359 1141 1421 iila
1156 1368 1255 1441 atque
1270 1360 1399 1425 inculta

587 1470 778 1557 parfimonia
791 1471 977 1534 defendere:
1008 1472 1262 1549 andeformata,
1297 1483 1399 1557 atque

592 1582 946 1649 omamentisomnibua
960 1581 1105 1667 spoliata,
1115 1586 1201 1666 nuda
1205 1586 1400 1668 ,cupiditati

545 1698 841 1796 ogpetulantiaeque
855 1694 1031 1773 addicatur,
1083 1695 1159 1760 Non
1177 1708 1347 1778 comparat
1368 1699 1400 1765 se

590 1821 699 1876 tecum
714 1808 868 1892 gratiaP
885 1807 1059 1885 Quintius,
1083 1806 1157 1876 Sex.
1176 1808 1292 1887 Naevi.
1331 1817 1426 1877 non‘

591 1925 718 2009 opibus,
740 1941 805 1985 non
814 1922 971 1986 facultate
989 1922 1165 2020 contendit.
1189 1942 1302 1987 ornnes
1320 1934 1398 1989 tuae

591 2048 695 2114 artes,
727 2035 843 2120 quibus
863 2043 900 2099 tu
921 2054 1056 2118 magnus
1078 2057 1130 2112 es,
1152 2036 1212 2099 tibi
1232 2032 1399 2104 concedit.

592 2153 744 2227 Fatetur,
766 2149 797 2215 se
811 2168 876 2212 non
889 2148 979 2214 belle
985 2148 1107 2226 dicere,
1139 2169 1204 2213 non
1221 2152 1262 2214 ad
1279 2152 1399 2217 volun·

591 2275 695 2335 tatem
717 2263 807 2345 loqui
826 2260 931 2346 poffe,
964 2282 1030 2326 non
1052 2263 1091 2327 ab
1113 2260 1234 2328 afflitta
1252 2264 1400 2329 amicitia

531 2372 550 2442 ſs
590 2378 812 2458 transfugere,
835 2383 931 2456 atque
946 2376 987 2438 ad
1001 2375 1170 2441 florentem
1182 2377 1282 2469 aliam
1297 2379 1401 2444 devo·

525 2565 532 2575 ³
592 2493 679 2557 lere:
703 2508 767 2552 non
786 2485 918 2570 profutis
935 2487 1089 2553 sumtibus
1103 2489 1230 2558 vivere:
1260 2506 1330 2554 nnn
1346 2512 1402 2556 or·

594 2623 671 2687 nare
689 2598 858 2684 magnifice
867 2600 1089 2685 splendideque
1104 2602 1308 2672 convivium:
1332 2625 1400 2682 non

593 2716 713 2782 habere
731 2716 862 2780 domum
875 2713 1015 2778 clausam
1036 2715 1151 2797 pudori
1169 2713 1204 2780 dt
1226 2713 1403 2782 sanctimo-

563 2831 567 2837 ’
594 2829 670 2906 niae,
689 2835 863 2912 patentem,
876 2836 974 2909 atque
987 2829 1067 2891 adeo
1085 2825 1261 2910 expositam
1274 2831 1403 2913 cupidi·

594 2942 657 3006 tati
670 2939 704 3006 dr
717 2940 954 3022 voluptatibus:
977 2951 1098 3018 eontra,
1121 2939 1178 3034 srbi
1191 2938 1349 3018 officium,
1360 2941 1404 3005 fi-

595 3058 680 3130 dem,
702 3054 910 3136 diligentiam,
932 3052 1033 3118 vitam
1049 3054 1179 3118 omnino
1194 3054 1403 3138 sempersshor·

595 3169 699 3234 ridem
720 3170 818 3250 atque
836 3165 958 3231 aridam
983 3165 1073 3229 cordi
1094 3166 1199 3232 fuisse.
1232 3165 1291 3232 ista
1309 3167 1403 3253 supe·

578 3281 683 3374 riora
706 3278 787 3356 effe,
816 3298 854 3342 ac
880 3278 1055 3363 plurimum
1078 3277 1164 3362 poffe
1182 3280 1238 3345 his·
1257 3260 1404 3369 moribus

553 3414 588 3474 94
597 3395 701 3472 sentit.
747 3391 834 3472 Quid
850 3388 925 3474 e'rgo
943 3390 1010 3456 est?
1031 3413 1095 3456 non
1115 3393 1217 3477 usque
1227 3414 1266 3458 eo
1280 3403 1404 3477 tamen,

597 3519 635 3572 ut
649 3508 682 3570 in
696 3506 800 3588 capite
822 3504 1019 3588 fortunisque
1039 3505 1209 3572 hominum
1225 3479 1404 3574 honestissi·

593 3639 722 3692 morum
743 3617 948 3686 dominentur
962 3618 1007 3699 ii,
1038 3620 1095 3707 qui
1111 3616 1226 3686 relicta
1239 3609 1404 3702 bonorum

1296 3746 1305 3777 Ι
