3650 4350
644 454 1072 544 nivinir1o.
1159 495 1261 590 ’κῃ

460 669 483 711 n
501 651 640 715 aliorum
658 651 710 734 spe
726 630 930 734 relinquere,
947 668 1045 733 quam
1060 649 1095 737 in
1112 651 1260 719 oratione

460 784 528 829 nea
548 784 679 847 ponere.
727 831 729 836 ,
1059 815 1061 822 ,

520 878 685 955 Tovem,
702 877 830 953 Caecili,
850 876 929 962 quid
948 875 1071 961 potes?
1093 895 1160 961 qno
1174 884 1302 959 tem-21

460 1011 551 1075 pore,
576 1000 633 1055 aut
650 1009 716 1074 qua
730 992 764 1054 in
781 1011 817 1056 re
833 1009 898 1054 non
918 992 1015 1055 modo
1032 990 1190 1074 specimen
1205 1012 1259 1057 ce·

460 1106 537 1168 teris
555 1106 684 1185 aliquod
702 1104 833 1180 dedisti,
857 1103 909 1170 sed
925 1111 997 1169 tute
1013 1104 1062 1167 tui
1079 1090 1259 1188 periculum
1327 1177 1331 1182 ,

460 1217 581 1283 fecisti?
602 1218 643 1282 In
658 1226 801 1282 mentem
815 1216 876 1281 tibi
891 1236 957 1280 non
973 1218 1084 1297 venit,
1108 1218 1184 1302 qnid
1201 1238 1261 1285 ne·
1281 1220 1283 1226 ’
1371 1217 1376 1226 ’

460 1333 537 1415 gotii
561 1328 599 1394 fit
622 1330 750 1394 causam
772 1330 936 1414 publicam
959 1328 1138 1397 sustinere?
1158 1331 1260 1399 vitam

460 1446 591 1509 alterius
615 1451 718 1507 totam
743 1443 940 1526 explicare?
970 1451 1070 1529 atque
1095 1464 1168 1510 enm
1193 1465 1260 1510 non

460 1561 553 1621 modo
570 1558 611 1620 in·
621 1556 737 1645 animis
747 1554 913 1637 judicum,
931 1556 1095 1647 sedetiam
1109 1557 1142 1622 in
1155 1560 1261 1624 oculis

460 1668 691 1755 :onipettnque
716 1671 861 1736 omnium
879 1669 1071 1755 exponere?
1101 1669 1260 1736 sociorum

460 1783 1259 1867 ialutem,commodnprovinciarum,vimlegnm,

460 1898 651 1981 gravitatem
664 1896 860 1979 judiciorum
877 1896 1076 1962 defendere?
1098 1894 1297 1990 Cognosce9

460 2034 499 2076 ex
513 2032 582 2090 me,
599 2010 753 2094 qnoniam
761 2010 824 2074 hoc
835 2009 975 2093 primum
984 2016 1111 2093 tempus
1122 2009 1261 2074 discendi

460 2124 577 2190 nntius
594 2144 647 2203 es,
666 2142 763 2208 quam
782 2123 888 2188 multa
906 2119 969 2188 effe
982 2130 1131 2206 oporteat
1146 2121 1180 2186 in
1197 2143 1261 2200 eo,

460 2240 516 2323 qui
534 2240 675 2302 alterum
690 2236 832 2302 accuset:
857 2257 898 2299 ex
914 2235 1031 2319 quibus
1045 2233 1070 2314 fi
1083 2256 1186 2300 unum
1200 2235 1260 2300 oli·
1299 2250 1301 2255 ’

460 2354 544 2436 qnod
555 2351 589 2416 in
599 2351 847 2433 tecognoveris;
860 2349 994 2433 egojam
1002 2350 1063 2415 tibi
1072 2349 1137 2435 ipse
1146 2347 1261 2430 isthuc,
1304 2439 1307 2443 .

460 2467 548 2550 quod
560 2466 702 2547 expetis,
718 2483 792 2528 mea
805 2464 974 2529 voluntate
988 2465 1176 2540 concedam.
1191 2461 1262 2528 Pri-

460 2599 549 2642 mnm
568 2577 788 2659 integritatem
805 2586 905 2659 atque
914 2578 1139 2642 innocentiam
1155 2574 1262 2660 singu-

460 2692 571 2756 larem.
601 2691 682 2756 nihil
697 2689 742 2766 est
756 2690 860 2764 enim,
875 2691 1080 2775 quodminus
1093 2692 1261 2756 ferendum

460 2802 515 2881 fit,
533 2823 634 2888 quam
651 2780 809 2868 rationem
828 2804 867 2868 ab
878 2803 990 2868 ‘altero
1004 2804 1080 2870 vitoe
1096 2805 1262 2888 reposcere
1299 2867 1303 2873 ,

460 2938 557 2994 eum,
583 2917 639 3000 qui
656 2903 722 2981 non
739 2911 831 2999 pollit
849 2917 913 2980 suae
932 2917 1079 2983 reddere.
1119 2917 1185 2989 Hic
1200 2895 1306 3000 egoni

460 3034 501 3096 de
518 3011 557 3094 'te
579 3031 671 3113 plura
692 3043 757 3094 non
777 3030 902 3097 dicamc
932 3050 1037 3095 unum
1058 3030 1139 3097 illud
1163 3032 1262 3095 credo

460 3164 574 3210 omnes
582 3144 859 3221 animadvertere,
869 3150 903 3208 tc
913 3143 1019 3209 adhuc
1029 3143 1070 3216 ab
1079 3143 1192 3223 nullis,
1204 3140 1262 3247 diist

460 3279 479 3322 a
497 3255 633 3336 Siculis',
657 3256 792 3342 potuiffe
810 3256 975 3342 cognosci:
997 3253 1123 3340 Siculpr
1139 3256 1201 3319 hoc
1214 3255 1264 3321 di-

460 3392 554 3449 cere,
582 3392 658 3436 cum
678 3373 784 3438 eidem
800 3367 859 3434 lint
871 3369 961 3447 irati,
985 3369 1039 3434 cui
1051 3379 1091 3436 tn
1105 3377 1140 3436 te
1155 3369 1264 3433 inimi·

460 3505 537 3551 cum
553 3483 616 3550 effe
631 3485 711 3549 dicis
719 3531 730 3563 ,
745 3483 808 3579 sese
818 3492 946 3560 tamen,
961 3493 996 3550 te
1014 3479 1140 3559 nitore,
1156 3482 1196 3547 ad
1209 3480 1265 3566 ju·
1283 3546 1287 3552 .

460 3598 584 3666 dicium
597 3617 664 3665 non
679 3595 849 3665 affuturos.
873 3597 985 3675 Quare
997 3604 1136 3690 negent,
1155 3615 1197 3662 ert
1209 3616 1264 3662 mc
1308 3653 1314 3664 .
