3650 4350
540 512 586 588 58
787 496 1097 567 ORATOR.
1194 483 1202 504 ⁸

541 684 581 742 nt
602 676 743 760 quidque
767 677 829 741 erit
854 663 1051 754 dicendum,
1079 676 1126 739 ita
1145 676 1251 755 ‹licet3
1279 696 1342 742 nee

540 790 647 857 saturn
659 791 787 874 jejune,
808 809 868 854 nec
883 790 1016 873 grandia
1030 790 1166 876 minute,
1188 812 1247 855 nec
1259 793 1338 855 item

543 913 676 982 contra,
708 904 760 967 led
782 904 844 967 erit
866 906 961 967 rebus
980 900 1053 985 iplis
1076 922 1134 985 par
1152 903 1185 968 δι
1206 905 1339 988 aequnlie

472 1025 526 1094 '124
544 1019 659 1086 oratio.
704 1017 862 1101 Principia
882 1018 1077 1094 verecundo,
1099 1035 1164 1079 non
1179 1018 1272 1081 elatis
1289 1019 1340 1081 ln·

472 1189 475 1195 ,
543 1132 774 1210 confoventis,
796 1129 848 1194 sed
861 1137 956 1194 acuta
969 1112 1144 1207 sententiis,
1167 1128 1218 1193 vel
1235 1134 1274 1193 ad
1290 1132 1340 1195 of·

539 1244 715 1314 ienfionem
735 1243 926 1322 adversarii,
955 1243 1006 1309 vel
1027 1244 1066 1308 ad
1087 1244 1341 1307 commendatio·

540 1380 615 1423 nem
633 1359 689 1423 lul.
737 1356 945 1422 Narrationes
961 1357 1145 1435 credibiles,
1167 1376 1227 1421 nec
1242 1356 1341 1420 hilto-

540 1473 619 1548 rico,
643 1471 694 1535 sed
708 1490 807 1555 prope
820 1469 1005 1554 quotidiano
1018 1469 1159 1535 sermone
1173 1470 1340 1552 explicatae

540 1587 690 1651 dilucide.
738 1586 820 1649 Dein
840 1583 863 1647 fi
882 1592 996 1648 tenues
1012 1567 1131 1661 caulae,
1155 1585 1340 1648 tumetium

539 1698 787 1791 argumentandi
804 1706 903 1762 tenue
919 1694 1012 1761 filum
1029 1695 1064 1763 δι
1079 1697 1112 1761 ln
1128 1696 1280 1773 dicendo,
1304 1695 1341 1761 δι

538 1810 575 1875 in
591 1812 784 1888 refellend03
805 1810 906 1893 idque
916 1809 962 1876 ita
979 1810 1149 1888 tenebitur,
1162 1817 1211 1887 ut,
1221 1818 1340 1893 quanta

541 1926 692 2002 adrem,
722 1932 813 1989 tanta
839 1925 880 1988 ael
901 1908 1080 1990 orationem
1098 1921 1166 2018 ,fiat
1195 1921 1339 1989 acceffio.

474 2048 525 2107 125
543 2038 624 2106 (lum
639 2057 716 2105 vero
731 2037 823 2102 enula
840 2057 879 2104 ea
890 2038 1057 2118 inciderit,
1078 2037 1113 2103 ln
1128 2056 1192 2122 que
1207 2037 1256 2103 vio
1270 2039 1339 2103 elo·

540 2153 680 2241 quentiae
694 2150 787 2239 potiit
800 2154 964 2234 expromi,
986 2160 1056 2219 turn
1072 2153 1102 2219 le
1115 2153 1213 2219 latino
1228 2154 1342 2220 fundet

540 2277 669 2348 orator,
691 2277 761 2332 turn
780 2266 922 2350 reget&
944 2264 1053 2332 fleetet
1075 2269 1219 2346 apimos,
1242 2265 1275 2330 δι
1296 2265 1340 2330 lio

541 2382 682 2468 efficiet,
705 2389 743 2443 nt
762 2382 867 2456 volet,
889 2377 1008 2456 idest,
1030 2387 1073 2443 ut
1087 2379 1190 2443 caulae
1213 2362 1340 2455 nat'ura,

480 2532 486 2545 ·
541 2468 672 2558 &ratio
685 2491 839 2580 temporie
853 2489 1035 2572 postulabit.
1069 2486 1132 2555 Sed
1145 2490 1206 2554 erit
1220 2490 1338 2571 duplex

541 2604 648 2669 omnis
666 2603 737 2686 eino
755 2609 886 2667 ornatus
903 2603 960 2666 ille
975 2601 1188 2680 admirabilis,
1211 2612 1341 2688 propter

543 2694 791 2800 quemescendit
801 2717 835 2779 in
844 2718 969 2781 tantum
979 2716 1132 2781 honorem
1146 2718 1340 2799 eloquentia.

502 2846 506 2852 '
544 2829 631 2897 Num
660 2828 736 2894 cnm
758 2829 863 2893 omnis
889 2829 1136 2912 parentationis
1161 2828 1224 2896 effe
1245 2833 1340 2897 debet

442 3013 447 3024 ,
542 2942 728 3020 laudabilis,
741 2984 744 2989 »
757 2941 799 3006 lic
819 2950 857 3009 ut
876 2942 1010 3008 verbum
1034 2940 1187 3023 nullum,
1202 2941 1260 3008 nisr
1284 2953 1347 3010 aut*

544 3072 661 3139 greve,
683 3063 742 3120 eut
758 3057 887 3140 elegans
902 3057 1046 3143 excidat,
1069 3063 1141 3120 tum
1154 3056 1226 3121 sunt
1239 3060 1341 3122 maxi-

543 3189 598 3238 me
608 3169 791 3248 luminosae,
815 3168 849 3236 δι
865 3167 953 3255 quafi
970 3167 1108 3233 astuosae
1122 3146 1229 3253 portes
1245 3172 1339 3236 dnae:

452 3350 472 3368 ,ι
543 3265 684 3368 quarum
699 3283 832 3347 a'lterem
850 3283 883 3346 ln
898 3280 1035 3348 univerfi
1052 3285 1177 3362 generis
1191 3283 1339 3367 quaellio·

533 3416 583 3479 ne
599 3416 695 3480 pono,
718 3415 813 3480 quam
831 3393 892 3479 (ut
903 3397 994 3479 supra
1008 3395 1097 3482 dlxi)
1113 3396 1218 3463 Graeci
1233 3396 1341 3479 appel-

525 3488 611 3594 lent
625 3511 729 3587 ,item
753 3510 887 3574 alterum
899 3508 934 3574 in
947 3511 1119 3592 augendis,
1144 3507 1343 3592 amplifican-

543 3621 654 3718 disque
671 3612 769 3692 rebus
777 3667 789 3705 ,
810 3641 883 3710 quae
896 3623 937 3692 eb
956 3622 1075 3693 elidem
1092 3620 1208 3710 αὔξησις
1222 3620 1267 3690 eli
1280 3642 1352 3690 no·r
