3650 4350
671 429 1108 573 prumano.
1181 489 1299 575 „0163

450 642 706 727 'defendendos
718 656 867 722 homines
881 642 1069 725 aurneuite
1081 660 1295 729 adolescendo

454 763 661 850 ²dediflem,
686 781 834 855 tempore
857 780 956 857 atque
975 771 1084 838 officio
1101 775 1231 841 coastus
1251 777 1294 842 ad

451 877 456 906 ²
480 888 699 953 accusandum
709 887 907 951 traducerer,
926 887 1226 966 Dicebam,habere
1234 907 1295 955 eos

450 992 457 1030 ·'
483 1001 631 1066 nitorem
642 998 685 1075 Q.
694 998 860 1064 Caecilium
870 1045 880 1075 ,
890 999 947 1085 qui
961 993 1137 1084 praesertim
1153 1000 1294 1085 quaestot

450 1107 462 1148 ²
485 1116 524 1185 in
537 1114 652 1178 eadem
661 1111 966 1196 provinciapostme
975 1114 1292 1197 quaestoremsuiffet.
1410 1103 1413 1113 ’

451 1221 464 1263 ²
489 1230 570 1305 Quo
582 1248 642 1309 ego
656 1225 841 1309 adjumento
853 1227 1016 1309 sperabam
1027 1229 1111 1300 hanc
1123 1246 1142 1294 a
1156 1240 1209 1293 me
1221 1249 1294 1294 mo-

450 1337 467 1378 ῗ
485 1328 611 1407 bestiam
626 1338 712 1424 posse
726 1341 908 1418 demoveri,
923 1341 956 1405 id
970 1340 1049 1404 mihi
1064 1343 1295 1409 erat'adversa·

450 1453 467 1496 ²
486 1458 573 1520 rium
587 1454 738 1517 maxime.
758 1452 846 1516 Nam
858 1454 906 1517 iili
921 1441 1027 1545 multo
1041 1455 1198 1540 mihidroo
1210 1457 1295 1521 hci-

450 1547 465 1609 3
485 1571 551 1635 lius
566 1563 773 1645 remififfent,
798 1564 822 1629 fi
837 1565 935 1630 istum
952 1587 1017 1632 non
1035 1566 1177 1649 nossent,
1196 1568 1293 1634 autfi

451 1679 464 1723 ²
486 1684 544 1749 iste
562 1682 650 1766 apud
664 1700 720 1744 eos
738 1678 878 1766 quaestor
892 1700 957 1744 non
971 1682 1089 1746 suisset.
1122 1682 1318 1757 Addusbuos

451 1797 461 1836 ³³
485 1798 581 1873 sum,
611 1793 759 1878 judiceS,
789 1790 898 1857 officio
913 1838 925 1871 ,
940 1776 1036 1869 side,
1060 1795 1293 1879 misericordia,

450 1910 457 1965 ·¹
489 1911 668 1976 multorum
680 1909 840 1973 bonorum
851 1907 1026 1990 exemplo,
1042 1909 1146 1974 veteri
1161 1906 1296 1976 cousue-

489 2024 604 2088 tudine
618 2067 629 2100 ,
651 2018 863 2103 institutoque
876 2021 1060 2103 majorum,
1080 2031 1118 2086 ut
1133 2042 1215 2087 onus
1230 2023 1309 2120 hoo!

472 2136 610 2205 sebosis
620 2142 717 2218 atque
730 2130 848 2212 officii,
859 2149 925 2197 non
939 2154 979 2198 ex
991 2154 1078 2210 meo,
1094 2124 1145 2201 sed
1154 2158 1194 2202 ex
1204 2125 1300 2202 meo-¹

487 2272 567 2318 rum
578 2247 1015 2332 necessariorumtempore,
1032 2249 1110 2313 mihi
1127 2226 1297 2334 suscipien-

487 2368 568 2430 dum
583 2373 743 2448 putarem.
767 2361 841 2437 Quo
857 2363 892 2425 in
906 2362 1036 2446 negotio
1049 2371 1158 2428 tamen
1170 2361 1225 2428 illa
1241 2385 1296 2430 me

487 2497 543 2545 reo
554 2476 719 2577 ,'iudice's,
737 2475 937 2555 consolatur,
954 2478 1041 2560 quod
1057 2475 1145 2556 haeo,
1164 2485 1235 2562 quae
1246 2477 1297 2544 vi·
1357 2535 1360 2539 .

486 2595 586 2659 detur
595 2588 659 2655 esse
667 2588 827 2653 accusatio
836 2608 920 2666 mea,
928 2608 992 2654 non
1001 2578 1295 2673 potius'acousatio,

490 2701 1023 2792 quam-desenfioestexistimanda.
1047 2703 1193 2769 Defendo
1207 2704 1294 2770 enim

492 2819 617 2885 multoe
639 2817 810 2891 mortales,
835 2815 956 2880 multas
977 2817 1126 2882 civitatee
1133 2863 1143 2896 ,
1166 2819 1299 2903 provin·

494 2934 581 2997 ciam
598 2928 741 3020 Siciliam
762 2938 874 2993 totam.
907 2929 1153 3010 Quamobrem,
1178 2929 1199 2993 fi
1218 2932 1300 2997 mihi

494 3066 584 3111 unus
599 3042 644 3110 est
653 3044 849 3108 accusandus
858 3087 869 3120 ,
882 3043 1113 3126 propemodum
1125 3046 1300 3110 manerein
1402 3026 1405 3031 ⁶
1423 3090 1425 3097 ·

467 3191 472 3197 ·
484 3159 643 3256 'instituto'
660 3135 733 3222 meo
749 3156 878 3233 videor,
889 3155 925 3220 dc
935 3174 999 3220 non
1012 3157 1143 3221 omnino
1159 3158 1302 3222 adefon-

477 3303 480 3310 ·
497 3273 614 3339 dendie
630 3269 822 3337 bominibus
845 3268 1104 3354 sublevandisque
1120 3269 1301 3337 discedere.

498 3383 722 3464 Quodfibanc
749 3383 877 3449 causam
892 3383 1151 3460 tamidoneam,
1174 3373 1334 3460 tamis-6·
1416 3404 1418 3408 ’

455 3510 458 3516 ’
478 3539 480 3545 ·
497 3499 647 3577 lustrem,
656 3508 726 3566 tam
739 3475 947 3582 gravemuon
957 3496 1107 3562 haberem
1116 3517 1126 3575 3
1136 3494 1160 3559 fi
1170 3505 1229 3560 aut
1242 3497 1309 3568 hoo<

505 3608 1179 3695 a.mesicuidonpetiffent,aoimibicum
1188 3609 1309 3678 siculi·

1069 3723 1137 3793 Le
