3650 4350
588 508 652 575 194
747 481 806 553 IN
839 480 1227 560 Q.-cAEctn1Vn
1305 477 1310 486 '

551 662 785 748 ureperietur.
830 655 931 723 Num
959 653 1044 722 salnc
1071 629 1261 741 reipublicae
1299 658 1387 741 mrjcr

592 776 661 853 esi,
682 792 780 861 qnam
800 791 881 846 eos,
907 772 963 853 qni
981 769 1118 833 aiterum
1136 773 1311 848 accusant,
1332 792 1387 836 non

593 891 700 956 miuus
724 887 764 950 de
783 884 897 959 laude,
921 883 961 945 de
982 882 1127 959 honore,
1153 884 1195 945 de
1212 884 1304 948 snma
1326 884 1387 959 sna,

594 1022 692 1088 quam
718 999 821 1074 illoc,
845 996 899 1080 qui
926 993 1136 1072 accusantur,
1160 993 1204 1060 de
1229 996 1389 1080 capitem

593 1105 732 1182 ¹fortunis
747 1110 812 1174 suis
827 1107 1060 1192 pertimescere.
1098 1108 1220 1193 Itaque
1235 1109 1359 1194 semper
1371 1110 1391 1172 ii

591 1220 825 1309 diligentissime
850 1217 1147 1302 laboriosissimeque
1180 1222 1370 1310 accusarunt
1382 1266 1392 1298 ,

592 1342 649 1425 qui
665 1337 778 1422 seipsos
794 1334 829 1397 in
846 1332 1012 1396 discrimen
1027 1331 1277 1398 existimationis
1290 1335 1393 1399 venire

594 1449 740 1519 arbitrati
757 1449 839 1512 sunt.
910 1516 915 1528 ¹

472 1565 491 1589 ‘
530 1579 609 1645 22,
659 1561 878 1639 Quamobrem
899 1560 963 1630 hoc
982 1557 1139 1635 statuere,
1166 1557 1322 1641 jndices,
1341 1561 1391 1623 de·

592 1677 695 1753 betis,
718 1674 760 1750 Q.
776 1672 940 1737 cecilium
951 1716 961 1747 ,
985 1673 1105 1753 dequo
1125 1672 1218 1736 nulla
1240 1692 1391 1756 umquem

591 1790 702 1873 opinio
725 1783 844 1860 suerit,
872 1784 1028 1867 nullaque
1053 1785 1087 1847 in
1107 1785 1169 1847 hoc
1189 1784 1258 1868 ipso
1274 1784 1389 1869 judicio

593 1899 786 1988 exspestatio
807 1899 915 1963 futura
939 1894 1001 1959 fit:
1031 1897 1089 1980 qui
1111 1917 1237 1981 neque,
1257 1907 1300 1963 ut
1324 1906 1390 1962 ante

593 2014 760 2084 collestam
782 2014 902 2077 famam
928 2009 1115 2087 conservet,
1140 2030 1248 2094 neque
1271 2012 1322 2075 uti
1346 2031 1391 2075 rc·

553 2165 556 2170 ·
593 2132 676 2217 liqui
692 2126 846 2210 temporis
865 2125 950 2207 spem
963 2122 1150 2199 confirmet,
1166 2125 1390 2205 laborattnon

592 2245 689 2312 nimie
703 2242 787 2304 hanc
807 2238 932 2301 causam
950 2235 1080 2314 severe,
1099 2258 1162 2300 non
1180 2237 1280 2302 nimir
1300 2258 1391 2302 accu-

591 2367 679 2432 rate,
706 2372 771 2417 non
793 2350 889 2415 nimis
909 2350 1079 2431 diiigenter
1100 2347 1268 2415 asturum.
1299 2352 1391 2416 habet

591 2470 677 2535 enim
693 2465 794 2542 nihil,
815 2464 903 2547 quod
923 2462 956 2524 in
975 2460 1146 2526 ofsensione
1164 2467 1340 2547 deperdat:
1357 2472 1390 2526 nt

589 2577 765 2664 turpissime
784 2558 1084 2658 flagitiosissimeque
1112 2576 1278 2659 discedat,
1314 2577 1389 2641 nihii

548 2721 583 2779 72
593 2698 631 2759 de
658 2692 720 2756 suIs
747 2689 910 2753 veteribus
936 2688 1132 2752 ornamentis
1160 2689 1320 2772 requiret.
1361 2691 1389 2752 A

589 2806 682 2881 nobis
705 2803 828 2868 multos
849 2799 970 2864 obfides
994 2802 1091 2865 habet
1111 2801 1249 2884 populus
1273 2803 1390 2879 Roma·

589 2940 673 2995 nun,
696 2925 836 3003 quoctut
860 2914 1038 2977 incolumes
1060 2914 1264 2992 conservare,
1290 2917 1389 2993 tueri,

590 3029 780 3096 confirmare
797 3045 834 3089 ac
849 3045 1038 3108 recuperare
1050 3025 1218 3110 possimus,
1235 3031 1327 3094 omni
1342 3050 1390 3095 ra·

587 3146 678 3209 tione
712 3141 774 3204 erit
798 3139 1027 3204 dimicandum.
1075 3141 1181 3204 Habet
1211 3141 1391 3218 honorem,

589 3277 684 3342 quem
704 3253 862 3348 petimus:
892 3252 989 3315 habet
1010 3252 1111 3335 spem,
1133 3271 1231 3334 quarn
1249 3238 1389 3341 proposi.

587 3379 656 3434 tarn
677 3367 769 3429 nobis
790 3366 968 3428 habemus:
989 3365 1086 3428 habet
1103 3362 1390 3445 existimationem,

509 3516 511 3520 v
586 3483 689 3546 musto
705 3481 835 3553 sudore,
853 3477 1177 3560 labore,vigiliisque
1196 3479 1391 3546 colsestnrn:

586 3604 625 3662 ut
640 3641 650 3674 ,
681 3593 703 3657 si
730 3595 763 3656 in
791 3592 850 3656 hac
877 3590 973 3657 causa
1001 3589 1141 3654 nostrum
1171 3590 1321 3662 officinm
1353 3612 1392 3658 ac
