3650 4350
585 494 652 584 1m
767 492 1213 568 oraron1nn

517 676 573 750 ,12
651 670 688 738 C.
701 672 735 739 F.
760 671 872 749 Quid?
894 670 1094 738 definitionis
1109 694 1187 759 quae
1204 678 1293 743 ratio
1307 676 1388 747 eli&

539 770 572 828 4¹
585 804 658 871 quac
672 786 749 852 via?
783 786 818 852 C.
837 787 872 851 P.
896 786 972 851 Non
987 788 1122 852 dubium
1138 789 1183 855 est
1201 792 1238 857 id
1252 794 1389 877 quiden,

586 902 665 985 quin
678 900 822 966 definitio
839 921 957 983 genere
971 902 1173 982 declaretur,
1197 904 1234 970 dr
1250 909 1389 993 proprie·

584 1022 653 1080 tate
679 1017 834 1100 quadarn,
863 1016 1046 1080 autetiam
1076 1020 1307 1084 communium
1335 1024 1390 1088 ste·

585 1131 734 1213 quentia,
758 1151 797 1194 ex
815 1130 953 1213 quibua,
976 1130 1141 1213 proprium
1156 1132 1236 1215 quid
1251 1132 1306 1213 fit,
1331 1137 1390 1200 elo·

586 1254 671 1309 cent.
715 1241 778 1308 Sed
798 1243 951 1327 quoniam
975 1246 1016 1307 de
1040 1244 1176 1327 propriis
1198 1246 1314 1311 oritur
1332 1249 1390 1331 ple·

584 1376 721 1440 rumque
748 1376 865 1439 magna
896 1354 1061 1435 dissensio,
1099 1356 1326 1424 definiendum
1352 1361 1390 1426 ed

583 1470 666 1554 saepe
687 1492 727 1535 ex
744 1445 929 1546 contrariis',
961 1469 1046 1553 saepe
1059 1470 1157 1564 etiam
1177 1494 1218 1536 ex
1237 1472 1392 1539 diffinitis

582 1585 661 1663 bus,
683 1584 763 1667 saepe
781 1607 822 1648 ex
843 1585 985 1667 paribus.
1030 1583 1251 1660 Quamobrem
1276 1588 1394 1654 descri-

479 1697 484 1704 ”
581 1700 709 1783 ptiones
721 1719 848 1781 quoque
861 1698 930 1761 sunt
944 1698 978 1760 in
991 1698 1053 1761 hoc
1065 1716 1184 1780 genere
1198 1699 1285 1779 saepe
1298 1711 1392 1784 eptae,

583 1812 834 1878 &enumeratio
859 1810 1146 1895 consequentium,
1175 1812 1392 1899 inprimisque

528 1927 530 1931 ’
581 1935 764 1993 commoret
776 1927 944 2008 explicatio
958 1925 1105 1989 vocabuli
1120 1943 1159 1989 ac
1174 1927 1333 1993 nominis.

537 2053 572 2120 μ
648 2042 685 2108 C.
700 2040 734 2105 F.
759 2040 839 2103 Sunt
857 2037 997 2122 exposita
1012 2038 1077 2120 jam
1091 2041 1159 2103 iere
1174 2058 1233 2116 ea,
1255 2058 1334 2124 quae
1350 2043 1391 2108 do
1427 2021 1429 2084 Ῐ

579 2155 684 2237 sesto,
708 2175 844 2240 quaeque
857 2156 897 2218 de
912 2150 987 2218 lasti
1002 2129 1217 2236 appelletione
1231 2175 1391 2239 quaerun-

579 2282 647 2338 tur.
692 2272 817 2348 Nempe
838 2269 939 2350 igitur
962 2267 1157 2340 eamdent,
1186 2288 1283 2351 quae,
1311 2289 1387 2359 cnm

579 2384 704 2450 fastum
724 2381 863 2456 constet,
886 2380 921 2444 dc
939 2401 1074 2453 nomen,
1099 2382 1206 2463 qualia
1219 2379 1303 2462 fint,
1327 2405 1388 2451 vo·

580 2497 725 2561 catorio
745 2495 888 2560 dubium.
934 2493 970 2559 C.
990 2495 1026 2559 P.
1054 2493 1108 2559 lust
1128 2496 1196 2572 ita,
1227 2503 1266 2559 ut
1288 2480 1386 2563 dicit.

578 2601 616 2675 C.
633 2608 667 2672 Ρ.
698 2609 781 2684 Quae
804 2607 875 2671 sunt
892 2608 991 2688 igitur
1008 2609 1041 2672 in
1059 2630 1099 2672 eo
1115 2611 1233 2689 genere
1249 2608 1388 2693 parter?

579 2723 616 2788 C.
634 2723 668 2786 P.
693 2713 843 2802 Autjure
859 2720 1000 2798 saltum,
1022 2723 1200 2804 depellendi
1217 2730 1275 2786 aut
1286 2704 1388 2798 ulcis-

441 2806 452 2823 *
580 2835 672 2900 cendi
692 2837 809 2900 doloris
826 2837 945 2915 gratia,
969 2845 1027 2899 aut
1044 2820 1191 2917 pietatis,
1213 2846 1271 2901 aut
1285 2837 1388 2917 pudi-

446 3010 448 3015 .
578 2949 685 3027 citior,
714 2962 770 3015 ant
791 2951 979 3032 religionis,
1011 2964 1067 3012 aut
1096 2951 1207 3032 patriae
1231 2951 1398 3030 nomine,

533 3071 635 3131 itaut
652 3066 789 3146 deniqne
805 3063 997 3139 necessitate,
1019 3063 1153 3139 inscitia,
1175 3064 1261 3128 casu.
1295 3061 1385 3128 Nam

577 3197 652 3262 quae
669 3188 760 3242 moto
777 3181 877 3241 animi
900 3178 934 3244 δι
954 3178 1194 3260 perturbatione
1209 3175 1296 3243 fasta
1315 3175 1385 3242 fine

576 3294 702 3358 ratione
719 3293 804 3370 sunt,
828 3313 866 3355 ea
883 3290 1097 3356 defensionem
1114 3303 1226 3358 contra
1244 3270 1384 3368 crimen.

575 3406 610 3470 in
626 3407 777 3491 legitimis
798 3405 944 3487 judiciis,
969 3425 1032 3466 non
1052 3408 1191 3482 babent,
1213 3407 1245 3467 in
1269 3403 1384 3469 liberie

575 3519 857 3602 disceptationibus
876 3508 992 3582 bab'ere
1006 3518 1143 3600 poliunt.
1182 3519 1262 3581 vl·loc
1276 3518 1309 3581 in
1323 3537 1384 3599 ge·

572 3653 654 3702 nere
662 3680 675 3716 ,
698 3635 834 3720 inquo,
857 3633 954 3718 quale
972 3629 1033 3710 sit,
1054 3634 1231 3716 quaeritur,
1250 3653 1293 3690 ea
1304 3636 1410 3721 eon-J

448 3806 539 3844 a
1234 3747 1381 3837 mouere,
