3650 4350
636 492 1131 602 ononov1ur1o.
1242 514 1283 565 n

485 679 519 747 dr
530 681 570 742 de
584 674 733 740 societate
746 670 831 738 inter
846 670 1284 753 semultacommunicarent.

486 791 520 859 da
536 792 576 854 de
587 796 656 851 tota
668 787 722 849 illa
734 784 858 851 ratione
872 786 1205 866 atquereGallicana:
1228 809 1285 854 ne-

486 925 551 988 que
575 903 698 968 interea
727 900 863 972 verbum
885 900 988 968 ullum
1005 900 1194 984 interposuit
1209 902 1287 987 Νεε-

486 1020 560 1083 vius
571 1063 581 1094 ‚
613 1023 670 1080 aut
694 1013 883 1078 sociotatem¹
902 1011 959 1083 fibi
974 1013 1138 1097 quidpiam
1153 1016 1288 1095 debere,

486 1115 546 1199 aut
561 1129 711 1213 priritim
725 1127 901 1203 Quintium
921 1125 1071 1196 debuisse.
1117 1128 1197 1197 Cum
1216 1133 1290 1201 reris

488 1246 586 1312 alieni
614 1242 850 1329 aliquantulum
874 1239 952 1312 effet
971 1239 1138 1320 solidum,
1175 1245 1292 1327 quibus

487 1358 672 1427 nominibus
685 1356 855 1439 pecuniam
865 1354 976 1421 Romae
994 1357 1099 1422 curari
1110 1368 1292 1439 oporteret;

491 1471 675 1540 aditionem
688 1470 721 1537 in
740 1467 845 1533 Gallia
858 1470 893 1533 P.
908 1470 961 1539 hic
977 1469 1130 1545 Quintius
1141 1471 1294 1545 Narbone

489 1583 693 1653 sesasturum
710 1582 772 1651 esse
786 1582 950 1666 proscribit
965 1602 1076 1649 earum
1087 1604 1205 1662 rerum,
1216 1606 1292 1672 quae
1384 1672 1386 1677 Δ
1405 1598 1408 1601 ’

491 1700 587 1783 ipfius
608 1708 701 1765 eraut
722 1698 868 1781 privatos.
918 1697 969 1766 Ibi
983 1705 1053 1769 turn
1067 1699 1116 1762 vir
1130 1700 1292 1782 optimus,
1305 1719 1339 1781 1⁶

492 1812 568 1883 Sex.
585 1811 741 1886 Naevius,
762 1810 925 1879 hominem
942 1812 1052 1876 multis
1066 1798 1171 1877 verbis
1189 1816 1296 1887 deter-

494 1935 559 2003 ret,
582 1898 623 1995 ne
638 1922 861 1993 autiioneturz
891 1944 967 1991 eum
986 1926 1110 1989 nonita
1127 1929 1298 2000 commode
1351 2011 1354 2015 ⁴

496 2038 584 2125 posse
598 2058 638 2106 eo
662 2046 827 2118 ternpore,
859 2054 933 2117 quae
947 2036 1187 2118 proscripsisset,
1220 2060 1299 2111 ven.

497 2144 586 2223 dere.
630 2150 743 2219 Romae
756 2144 812 2212 fibi
825 2142 1032 2217 nummorum
1047 2150 1236 2224 facultatem
1252 2152 1300 2219 es·

497 2268 546 2342 se.
570 2285 687 2352 quam,
710 2261 890 2346 stuperet,
923 2282 1126 2348 communem
1141 2241 1303 2335 existima·
1395 2272 1397 2276 ’

499 2390 566 2457 ret,
598 2398 656 2462 pro
668 2379 810 2444 fraterna
827 2377 883 2440 illa
907 2375 1159 2457 necessitudine,
1189 2377 1225 2449 δι
1244 2400 1303 2464 pro

499 2493 597 2579 ipsius
621 2489 791 2558 affinitate.
837 2488 924 2554 Nam
947 2491 982 2556 P.
1000 2491 1129 2566 Quintis
1144 2494 1329 2559 consobrio‘

501 2628 577 2678 nam
598 2607 695 2675 habet
710 2605 744 2672 in
761 2604 969 2672 matrimonio
987 2604 1139 2682 Naevius,
1163 2605 1196 2676 dt
1215 2630 1254 2673 err
1265 2627 1305 2678 es

498 2724 630 2788 liberos.
685 2718 789 2796 Quia,
820 2719 908 2812 quod
930 2718 1037 2783 virum
1060 2719 1181 2786 bonum
1200 2722 1308 2790 farere

503 2835 686 2918 oportebat,
715 2832 749 2901 id
771 2831 965 2915 loquebatur
985 2831 1138 2914 Naevius;
1172 2837 1310 2906 credidit

506 2948 672 3024 Quintus,
695 2964 784 3023 eum,
806 2945 862 3028 qui
871 2944 1049 3015 orationem
1063 2935 1219 3014 bonorum
1234 2951 1309 3014 imi·

505 3069 649 3136 taretur,
677 3055 910 3141 satia-quoque
927 3056 1142 3129 imitaturum.
1186 3059 1311 3125 nuttio-

506 3196 580 3240 nom
596 3173 677 3237 velle
695 3172 801 3236 lacere
825 3168 958 3238 defidit:
988 3171 1123 3235 Romam
1139 3172 1312 3262 proticisci·¹

474 3337 478 3347 .
506 3297 578 3353 tur:
603 3284 776 3350 deceditex
787 3282 893 3350 Gallia
908 3280 1045 3347 Romam
1063 3283 1152 3352 simul
1163 3285 1309 3358 Naevius.
1377 3297 1381 3303 “

508 3397 834 3482 CumpecuniamC.
854 3397 1009 3473 Quintius
1032 3397 1065 3465 P.
1085 3396 1234 3482 Scapulae
1256 3399 1308 3466 do'
1321 3426 1356 3490 η

509 3510 642 3589 buisset;
665 3520 787 3593 perte,
811 3510 848 3575 C.
862 3509 1002 3593 Aquilli,
1026 3513 1145 3578 decidit
1160 3513 1196 3584 Ρ.
1208 3512 1312 3589 Quin·
1384 3489 1388 3493 .

508 3626 592 3708 tius,
617 3623 701 3712 quod
719 3623 828 3690 liberis
847 3623 917 3708 eius
933 3623 1125 3693 dissolveret.
1182 3626 1256 3693 Hoc
1274 3645 1314 3694 eo
1378 3605 1391 3643 ⁸
