3650 4350
511 496 560 602 le
638 482 683 608 s
775 504 1057 578 onnnro
1194 543 1202 552 -

518 685 643 751 firmem
657 698 697 749 ae
709 683 842 764 diluam,
851 675 993 780 reperire
1004 705 1071 751 non
1079 683 1228 771 poss'um.
1254 684 1332 763 Qnii

409 840 413 854 ·
471 801 584 877 alais,
614 797 737 863 Eruci?
763 806 813 862 tot
837 798 978 882 praedio,
1005 805 1074 863 tam
1092 799 1240 883 pulcra,
1272 808 1332 863 tan

517 909 677 978 fnuiiuosa
699 907 773 975 Sex.
789 910 921 975 Roscius
935 910 1005 976 filio
1021 912 1076 976 suo
1085 956 1097 989 ‚
1120 913 1336 997 relegationis

519 1044 559 1090 ac
573 1024 716 1109 supplicii
731 1025 844 1107 gnatia,
855 1025 990 1089 colenda
1001 1043 1039 1089 au
1048 1020 1175 1090 tuenda
1192 1027 1334 1091 tradide-

519 1119 596 1204 rat?
616 1139 705 1214 Quid
718 1136 805 1203 hoo?
835 1138 1106 1216 Patreslamiliao,
1138 1141 1202 1224 qni
1218 1138 1336 1204 liberos

519 1253 656 1328 habent,
678 1252 852 1334 praesertim
867 1251 1014 1316 homines
1030 1252 1119 1317 illius
1134 1252 1281 1330 ordinis,
1304 1275 1338 1317 ex

456 1355 466 1367 ”
519 1362 705 1449 municipiis
719 1364 902 1442 rusticanis,
922 1383 1030 1429 nonne
1042 1355 1285 1447 opta'tilllmum
1303 1364 1339 1430 fi-

497 1539 502 1545 .
520 1481 555 1545 bi
568 1488 684 1561 putant
698 1476 778 1554 esse,
802 1476 887 1542 filios
905 1477 978 1541 snos
991 1473 1040 1541 rei
1054 1477 1215 1544 familiari
1238 1480 1340 1544 maxi·

521 1612 575 1656 me
592 1591 720 1665 servire,
743 1589 777 1655 ἂ
793 1590 826 1654 in
841 1590 973 1674 praediis
983 1590 1128 1656 colendis
1139 1611 1257 1676 operae
1268 1594 1339 1676 plu·

477 1706 642 1787 aunimum
659 1703 817 1796 studiique
833 1703 1049 1769 consumere?
1070 1704 1124 1770 Au
1143 1709 1338 1769 amandarat

521 1819 608 1884 hunc
622 1815 684 1891 fic,
713 1827 752 1881 ut
773 1801 850 1896 esset
867 1817 901 1880 in
926 1835 1024 1900 agro,
1053 1836 1091 1881 au
1104 1821 1336 1884 tantummodo

517 1933 665 1996 aleretur
689 1931 728 1993 ad
748 1928 884 1997 villam?
918 1940 956 1994 ut
978 1931 1157 2000 commodis
1183 1933 1338 1997 omnibus

403 2035 407 2042 ’
521 2043 676 2114 careret?
700 2041 813 2119 Quid?
832 2040 855 2105 sn
874 2042 1016 2122 constat,
1044 2044 1131 2108 hunc
1151 2064 1219 2110 non
1237 2048 1337 2111 modo

411 2166 415 2177 ¹
521 2159 666 2226 colendis
683 2154 813 2242 praediis
827 2156 1002 2240 praefuiffe,
1026 2157 1079 2224 sed
1092 2157 1190 2222 nertin
1201 2160 1356 2236 fundis,⁴

518 2282 612 2361 patre
631 2275 726 2349 vivo,
746 2271 811 2354 frui
828 2270 957 2336 solitum
974 2269 1062 2336 esse?
1089 2277 1243 2338 tamenne
1262 2275 1336 2338 haee

521 2397 649 2485 attenta¹
673 2384 742 2450 vita
771 2384 807 2449 ὅτ
829 2383 1008 2461 rusticana,
1045 2383 1204 2468 relegatio
1233 2395 1338 2470 atque

524 2498 706 2563 amandatio
723 2495 962 2581 appellabitur?
982 2493 1096 2574 Video,
1105 2498 1216 2575 Eruci,
1227 2519 1340 2583 quan·

521 2622 593 2674 tum
606 2609 698 2674 distet
715 2609 966 2693 argumentati&
971 2616 1028 2674 tua
1045 2612 1133 2676 abre
1147 2611 1214 2695 ipsa
1229 2621 1334 2696 atque

522 2742 543 2788 a
561 2724 707 2788 veritate.
731 2722 828 2799 Quod
840 2723 1069 2788 consuetudine
1076 2733 1184 2814 patrea
1193 2725 1334 2805 fuciunt,

393 2922 395 2927 λ
521 2836 568 2913 id,
591 2834 677 2919 quali
690 2856 821 2913 novum,
844 2838 1070 2919 reprehendis:
1091 2840 1180 2922 quod
1194 2838 1335 2904 benivo·

394 2938 399 2947 ⁴
521 2948 695 3024 lentiam,
725 2950 760 3014 id
782 2948 856 3014 odio
873 2948 997 3015 initum
1014 2950 1213 3043 criminariu3
1243 2954 1334 3034 quod
1365 3023 1369 3036 Ι

522 3065 654 3129 honoria
667 3062 760 3127 causa
774 3061 945 3147 paterfnlio
958 3063 1012 3127 suo
1024 3059 1185 3142 conceffit,
1195 3044 1241 3127 ‘id
1254 3085 1334 3128 eum
1364 3095 1369 3100 ’

476 3170 514 3232 ⁴⁵
524 3175 670 3262 supplicii
685 3175 778 3241 eausa
799 3174 906 3241 feciss‘e
921 3176 1012 3242 dicia.
1066 3174 1181 3260 Neque
1198 3177 1270 3240 haec
1290 3185 1333 3241 tu

522 3310 588 3355 non
608 3289 779 3371 intelligis3
809 3288 979 3373 fedusque
1001 3310 1041 3357 eo
1052 3335 1063 3370 ,
1085 3292 1171 3374 quod
1187 3302 1333 3372 arguat,

520 3403 706 3479 nonnanes,
716 3408 754 3467 ut
766 3422 830 3466 non
843 3405 939 3466 modo
952 3402 1012 3469 tibi
1024 3411 1136 3468 contra
1149 3422 1207 3468 nos
1217 3404 1330 3485 dicen·

423 3550 432 3566 ·
455 3501 457 3510 ’
521 3517 599 3579 dum
611 3524 717 3600 puteo,
738 3515 962 3582 verumetiam
976 3523 1088 3581 uonma
1101 3532 1217 3582 renum·
1229 3525 1332 3582 natu·

521 3647 609 3708 tam,
639 3639 817 3717 contraque
844 3627 1107 3702 consuetudinem
1136 3629 1329 3716 hominum,
