3650 4350
549 479 593 551 ῳ
811 458 1101 527 oaauro
1220 433 1224 440 '

1209 548 1242 584 -r

548 636 642 700 annis
657 654 722 698 non
739 635 844 710 venit,
860 652 968 718 neque
981 653 1154 717 umquam
1168 634 1247 718 pius
1263 636 1337 700 triduo

548 747 638 817 tuit?
656 750 711 812 ubi
723 769 779 811 eoa
793 746 968 813 convenit?
988 749 1134 830 quicum
1148 749 1287 825 locutus
1297 749 1340 814 ert

549 864 712 945 quomodo
729 859 902 943 persuasit?
924 860 1075 924 Pretium
1093 860 1227 926 dedit?
1246 862 1298 926 cui
1311 864 1345 926 de-

549 974 630 1040 dit?
657 996 712 1057 per
735 995 831 1059 quem
850 972 969 1039 dedit?
991 965 1102 1052 undo,
1126 984 1194 1038 aut
1214 989 1347 1059 quantun

548 1073 665 1157 dedit?
687 1109 793 1151 nonne
807 1089 858 1151 his
871 1086 1010 1169 vestigiis
1026 1089 1069 1149 ad
1087 1101 1201 1171 caput
1221 1088 1353 1154 maleficii

548 1204 710 1287 perveniri
724 1200 830 1266 solet?
853 1198 888 1264 δι
903 1198 995 1263 simul
1009 1200 1069 1263 tibi
1088 1200 1124 1262 in
1150 1211 1305 1266 mentem
1316 1225 1355 1266 re·

547 1316 640 1391 aiat,
664 1316 787 1389 facito,
810 1315 1085 1396 quemadmodum
1105 1313 1221 1378 vitam
1244 1315 1358 1399 hojum

549 1428 747 1509 depinxeris:
758 1429 845 1491 hunc
859 1426 1143 1489 homiuemierum
1155 1436 1270 1513 atque
1283 1449 1359 1510 agro

549 1539 629 1608 stem
640 1539 752 1604 iuiffe:
769 1558 945 1627 numquam
957 1558 1031 1602 com
1043 1539 1187 1605 hominu
1199 1560 1359 1625 quoquam

548 1654 743 1715 coilocutum
758 1652 842 1716 esse:
861 1670 1035 1735 numquam
1051 1652 1086 1715 in
1102 1655 1235 1737 oppido
1254 1654 1360 1718 cousti-

496 1767 538 1837 ¹175
550 1763 629 1827 risse.
661 1766 737 1840 Qua
760 1767 801 1839 ia
819 1786 854 1828 re
878 1776 1035 1849 praetereo
1050 1764 1150 1842 illud,
1179 1770 1277 1851 quod
1293 1770 1361 1831 mihi

547 1878 687 1945 marimo
717 1888 909 1960 argumento
939 1879 979 1941 ad
1005 1876 1104 1961 hujus
1133 1880 1361 1946 innocentiam

545 2001 673 2075 poterat
682 1991 759 2067 esse,
768 1993 800 2054 in
811 1991 934 2055 rusticis
943 1992 1101 2068 moribus,
1109 1992 1143 2055 io
1156 1992 1256 2060 vitiu
1267 1995 1362 2070 arido,

546 2106 580 2174 in
593 2106 653 2168 hae
667 2106 798 2169 horrida
812 2103 999 2188 incultaque
1014 2104 1079 2167 vita
1094 2104 1361 2171 istiusmodima·

544 2219 651 2284 leucia
668 2221 756 2301 gigni
771 2240 834 2284 non
855 2217 967 2282 solere.
994 2217 1039 2282 Ut
1055 2237 1121 2280 uon
1138 2238 1279 2285 omnem
1296 2223 1361 2286 iru-

545 2353 639 2414 gem,
657 2353 762 2414 neque
784 2333 931 2396 arborem
948 2331 981 2395 iu
1001 2331 1089 2394 omni
1105 2351 1186 2412 agro
1213 2336 1359 2415 reperire

542 2444 668 2528 possm:
695 2443 737 2505 fic
759 2465 824 2507 non
849 2464 944 2507 omne
967 2445 1093 2509 facinus
1116 2444 1151 2506 in
1177 2447 1275 2509 omni
1294 2448 1359 2511 vita

543 2557 698 2625 nascitur.
720 2558 759 2620 lu
777 2558 857 2620 urbe
875 2556 1019 2620 luxuries
1036 2563 1183 2620 creatur:
1199 2579 1243 2621 ex
1261 2560 1360 2624 luxu·

542 2669 592 2737 ria
611 2667 734 2732 exiistat
755 2671 893 2734 avaritia
911 2668 1032 2734 neuess'e
1055 2667 1128 2731 est:
1151 2691 1191 2732 ex
1215 2643 1360 2736 auaritia

542 2791 694 2864 erumpat
708 2783 861 2846 audacia:
879 2784 953 2847 inde
969 2784 1076 2847 omnia
1090 2781 1208 2845 scelera
1225 2802 1266 2846 ao
1285 2804 1357 2849 ma·

541 2893 648 2960 leficia
672 2893 856 2981 gignuntur.
889 2895 970 2960 Vita
994 2905 1103 2961 autem
1121 2896 1193 2958 hac
1213 2894 1356 2975 rustica,

542 3028 640 3099 quam
650 3017 686 3072 tu
696 3009 848 3091 agrestem
860 3029 974 3084 vocas,
985 3007 1183 3092 parfirnouiae
1193 3052 1202 3082 ‚
1212 3007 1357 3093 diligen-

541 3124 597 3186 tice
607 3168 618 3200 ,
631 3121 762 3204 justitiae
779 3122 928 3206 magistra
945 3122 999 3186 ost.
1030 3119 1154 3186 Verum
1170 3121 1241 3185 haec
1258 3122 1354 3189 miffa

474 3243 529 3324 28
542 3237 635 3300 facio.
667 3235 752 3299 Illud
776 3255 912 3320 quaero:
938 3236 1100 3312 iaham,
1121 3234 1194 3318 qui,
1214 3242 1254 3298 ut
1279 3245 1354 3300 tute

496 3339 639 3424 titios,
666 3367 844 3432 numquam
866 3350 949 3412 inter
973 3350 1121 3412 homines
1148 3346 1268 3422 suerit,
1293 3367 1354 3432 per

540 3481 620 3546 quos
630 3462 777 3528 homines
790 3462 852 3525 hoc
866 3470 991 3525 tantum
1002 3463 1129 3526 facinus
1139 3505 1148 3536 ,
1159 3469 1226 3523 tam
1236 3462 1352 3549 occui-

538 3582 627 3653 tum,
651 3573 761 3642 absens
778 3574 962 3660 ‘praesertim
974 3622 985 3657 ,
1008 3573 1167 3644 conficere
1190 3574 1350 3658 potuerit.
