3650 4350
574 484 620 550 6ο
841 475 1119 547 ORATIO

575 668 650 723 tum
664 646 1053 741 velhocindigniffimurn
1074 652 1142 733 est,
1174 674 1235 721 vos
1257 656 1396 724 idoneor

574 770 716 845 habitos,
739 787 797 851 per
805 787 944 851 quorum
959 768 1134 834 sententias
1147 767 1264 859 iusque
1281 771 1395 854 juran-

519 915 528 921 ·
577 887 659 949 duur
675 884 709 946 id
727 878 953 964 assequantur,
976 883 1064 966 quod
1085 890 1181 946 antea
1198 881 1257 967 ipsi
1274 886 1395 951 scelere

577 997 615 1064 ὅτ
635 999 721 1062 ferro
736 991 858 1078 assequi
872 993 1089 1059 consuerant?
1120 996 1232 1078 quiex
1253 999 1394 1064 civitate

475 1092 496 1116 ⁹
578 1111 613 1177 iu
631 1111 775 1174 senatum
791 1117 924 1191 propter
935 1108 1145 1192 dignitatem,
1167 1130 1209 1173 ex
1226 1111 1345 1175 senatu
1360 1113 1395 1176 in

575 1223 638 1291 hoc
658 1221 827 1287 consilium
847 1220 964 1286 delesti
984 1221 1058 1285 eltis
1078 1230 1209 1306 propter
1232 1222 1394 1289 severita-

575 1346 662 1415 tem,
695 1337 735 1401 ab
757 1336 808 1401 his
826 1337 888 1400 hoc
910 1336 1070 1420 postulare
1086 1335 1235 1399 homines
1258 1335 1393 1403 sicarios

530 1501 533 1506 .
577 1460 679 1535 atque
696 1449 901 1533 gladiatores,
924 1469 990 1512 non
1007 1441 1103 1512 modo
1120 1458 1157 1512 ut
1170 1448 1333 1533 supplicia
1345 1453 1392 1521 vi·

571 1565 667 1639 tent,
689 1581 764 1646 quae
783 1581 803 1625 a
818 1562 909 1626 vobis
924 1581 981 1643 pro
995 1560 1162 1627 meleficiis
1176 1562 1240 1626 suis
1255 1574 1391 1632 metue·

478 1733 482 1740 s
576 1698 613 1746 re
638 1684 734 1759 atque
758 1675 889 1740 horrere
910 1665 1048 1753 debent,
1079 1678 1322 1741 verumetiam
1348 1691 1388 1745 ut

574 1791 682 1874 spoliis
706 1786 795 1852 Sexti
824 1787 930 1851 Roscii
966 1809 1006 1851 ex
1035 1789 1098 1852 hoc
1121 1788 1240 1872 judicio
1273 1796 1387 1857 ornati

534 1901 731 2004 4auurque
758 1900 952 1965 discedant?
989 1900 1051 1965 His
1082 1903 1123 1965 oe
1145 1903 1240 1967 renus
1280 1887 1387 1970 tanus

536 2013 565 2069 ·9
576 2027 707 2100 tamque
730 2015 915 2091 atrocibus,
937 2033 1044 2097 neque
1065 2014 1138 2078 satis
1154 2035 1208 2080 me
1234 2037 1387 2115 comino.

475 2127 478 2134 ’
507 2112 509 2118 ¹
573 2134 614 2198 de
642 2132 770 2206 dicere,
799 2147 906 2211 neque
928 2126 1007 2231 satis
1032 2128 1173 2210 graviter
1199 2108 1383 2212 conqueri,

463 2254 465 2259 ’
571 2266 678 2330 neque
699 2243 773 2308 satis
803 2238 1106 2324 libereivocilerari
1137 2240 1235 2327 polle..
1258 2243 1386 2310 iutelli-

570 2381 625 2444 go.
671 2358 756 2423 Nam
778 2336 1004 2433 commolitati
1025 2354 1210 2438 ingenium,
1234 2360 1384 2440 gravita-

569 2474 598 2538 ti
624 2480 724 2546 aetau,
751 2467 890 2534 libertati
905 2476 1052 2549 tempora
1071 2469 1144 2532 suut
1165 2454 1383 2553 impedimen·

567 2591 618 2652 to.
679 2583 755 2649 Huc
787 2581 913 2647 accedit
948 2579 1092 2647 summus
1127 2576 1246 2659 timor,
1278 2603 1381 2667 quem

478 2760 482 2765 ,
568 2697 651 2766 mihi
674 2705 789 2759 natura
813 2696 982 2780 pudorque
1013 2714 1105 2759 meus
1141 2695 1310 2779 attribuit,
1334 2698 1381 2766 ’δε

531 2897 534 2902 ¹
568 2809 673 2905 vestra
687 2809 839 2904 dignitas,
861 2807 896 2872 olo
909 2807 1235 2887 visaduersariorunr,
1257 2808 1378 2880 &Seru

532 2949 542 3020 Ι·
566 2921 840 3006 Rosciipericula.
892 2922 1100 3005 Quapropter
1118 2941 1177 2987 vos
1198 2941 1258 2986 oro
1276 2933 1378 3010 atque

567 3038 720 3116 obsecro,
749 3034 901 3120 judicer,
929 3040 969 3099 ut
990 3042 1114 3098 attente
1134 3037 1283 3119 bonaque
1292 3033 1375 3106 'curn

520 3183 559 3251 1⁰
569 3152 664 3219 venia
682 3150 778 3215 verba
791 3168 863 3223 mea
880 3146 1030 3248 audiatio.
1064 3147 1141 3214 Fide
1153 3130 1374 3237 sapientiauue

565 3264 669 3332 vestra
686 3265 789 3328 fretus
803 3262 877 3342 pluo
892 3260 999 3325 oneris
1013 3258 1141 3338 suliuli,
1172 3280 1271 3344 quarn
1285 3248 1385 3330 serre'

563 3400 618 3445 rne
631 3375 716 3462 posse
739 3360 899 3456 intelligo.
954 3373 1027 3437 Hoc
1048 3392 1129 3438 onor
1147 3373 1171 3437 fi
1188 3395 1246 3441 vos
1262 3377 1373 3461 aliqua

526 3479 532 3487 ’
559 3513 602 3559 ex
623 3498 713 3579 parte
728 3487 928 3564 alienabitis,
951 3488 1068 3564 feram,
1092 3495 1129 3551 ut
1141 3498 1274 3572 potero,
1303 3489 1374 3557 stu-
1410 3489 1418 3536 ἶ

519 3586 522 3591 ’
558 3602 834 3682 urrunnun,
848 3599 992 3687 judiees:
1013 3597 1058 3665 un
1072 3602 1197 3697 avonis
1222 3601 1272 3684 (ro
1286 3607 1375 3692 quor

594 3702 605 3735 s
819 3734 823 3741 ,
1318 3723 1321 3727 ,
