3650 4350
594 517 698 585 τεο·
771 500 1235 614 outcome
1332 612 1336 617 Ι

595 696 677 763 quor
692 679 836 745 oderant.
856 678 975 763 [Atque
988 676 1059 743 baee
1073 681 1234 766 exemplis
1248 679 1398 751 firmarit

405 790 411 799 ’
551 801 585 861 51
596 793 679 885 sunt.
725 794 839 878 Neque
858 792 904 859 est
923 793 1111 872 obscurum,
1133 795 1216 876 quin
1231 795 1399 881 (quonian

595 907 632 973 ln
651 913 963 991 utramquepartem
985 905 1056 969 sunt
1079 908 1247 992 exempla,
1273 909 1313 976 δι
1330 913 1400 975 item

593 1022 637 1085 ad
656 1019 871 1104 conjetiuram
887 1020 1068 1085 faciendam
1085 1020 1168 1106 loci)
1182 1023 1220 1085 in
1235 1024 1401 1088 contrariis

595 1136 756 1198 contraria
772 1132 832 1196 fint
843 1132 1010 1197 sumenda.
1054 1131 1166 1216 Atque
1182 1136 1285 1201 etiam
1299 1138 1403 1201 incur·

594 1249 639 1312 rit
665 1249 728 1312 alia
747 1246 894 1330 quaedam
910 1246 945 1309 in
963 1244 1097 1311 testibus
1115 1244 1150 1313 ἃ
1167 1248 1202 1311 ἰιι
1220 1250 1405 1332 quaestioni·

594 1361 659 1428 bus
676 1359 770 1424 ratio.
815 1358 909 1443 Saepe
934 1359 1020 1423 enim
1037 1378 1094 1436 ea,
1117 1380 1191 1442 qnae
1212 1360 1305 1427 dista
1324 1365 1403 1443 suot,

594 1470 619 1537 fi
634 1478 691 1535 aut
705 1472 873 1554 ambigue,
888 1479 952 1536 vaut
967 1471 1200 1568 inconstanter,
1224 1484 1284 1539 aut
1300 1477 1403 1543 incre·

595 1585 738 1651 dibiliter
758 1582 845 1649 dista
866 1583 957 1663 sunt,
979 1585 1148 1650 autetiam
1164 1586 1261 1653 aliter
1279 1590 1324 1656 ab
1344 1591 1406 1656 alio
1433 1589 1435 1597 ⁴

595 1697 701 1775 dista,
725 1698 881 1764 subtiliter
895 1699 1185 1781 reprehenduntur.
1264 1725 1267 1729 ·

531 1812 584 1901 15
663 1810 700 1879 C.
715 1812 750 1878 F.
778 1812 931 1876 Extrema
952 1811 1012 1878 tibi
1031 1817 1105 1896 pars
1119 1812 1216 1877 restat
1232 1814 1403 1895 orationis,

551 1913 671 2011 ⁵²quae
688 1924 834 2010 pofitain
847 1926 1026 2007 perorando
1043 1924 1098 2003 est,
1121 1928 1161 1990 de
1175 1943 1239 2009 qua
1254 1925 1332 1992 sane
1348 1950 1402 1994 ve·

593 2041 652 2109 lim
666 2040 787 2107 audire.
821 2038 858 2104 C.
871 2038 908 2104 P.
930 2038 1065 2103 Facilior
1081 2036 1126 2103 est
1139 2039 1314 2123 explicatio
1329 2060 1403 2125 per·

595 2154 762 2223 orationis.
799 2171 875 2218 nam
903 2151 950 2218 el’r
976 2150 1074 2216 divisa
1103 2150 1137 2216 in
1163 2153 1246 2216 duae
1273 2162 1402 2238 parter,

450 2298 454 2305 ·
594 2246 901 2354 amplificationem,
925 2264 961 2330 ἃ
984 2265 1274 2331 enumerationem.
1330 2268 1402 2334 Au·

594 2382 691 2465 gendi
706 2389 815 2459 autem
832 2376 866 2443 ἀ
881 2377 935 2441 hic
952 2377 997 2443 est
1012 2379 1162 2462 'proprius
1174 2379 1265 2444 locun
1276 2381 1312 2446 in
1326 2401 1401 2466 per·

595 2493 735 2557 orando:
765 2491 799 2556 &
821 2490 968 2567 incursu
992 2489 1059 2573 ipso
1079 2491 1233 2557 orationis
1258 2493 1403 2560 declina·

594 2604 702 2669 tiones
718 2607 758 2669 ad
776 2603 1038 2689 amplificandum
1055 2605 1186 2683 dantur,
1210 2605 1403 2674 confirmata

549 2721 586 2784 53
597 2738 632 2784 re
654 2717 783 2802 aliqua,
805 2725 863 2783 aut
884 2718 1084 2801 reprehensa.
1127 2718 1183 2782 Est
1206 2719 1307 2802 igitur
1328 2739 1402 2786 am·

594 2830 766 2916 plificatio‚
790 2831 919 2915 gravior
938 2834 1087 2914 quaedam
1109 2829 1301 2911 affirmatio,
1325 2853 1402 2918 quae

594 2954 687 3011 motu
709 2945 892 3010 animorum
913 2945 1063 3011 conciliet
1081 2927 1267 3010 indicendo
1286 2944 1402 3015 fidem.

587 3061 643 3126 'Ea
659 3057 879 3127 &verborum
895 3079 1011 3142 genere
1022 3057 1206 3135 conficitur,
1229 3057 1263 3124 δι
1276 3060 1402 3128 rerum.

594 3171 706 3245 Verba
723 3175 870 3254 ponenda
883 3173 972 3250 sunt,
997 3193 1071 3256 quae
1090 3172 1155 3238 vim
1170 3170 1309 3237 habeant
1321 3174 1403 3240 illu·

531 3363 534 3370 ¹
593 3285 729 3362 litandi,
752 3305 812 3349 nec
826 3285 939 3350 abusu
953 3283 1013 3348 fint
1028 3285 1253 3362 abhorrentia,
1275 3289 1402 3368 gravia,

593 3400 700 3482 plena,
722 3397 874 3474 sonantia,
896 3395 1016 3485 juncta,
1038 3395 1135 3475 satta,
1158 3400 1400 3481 cognominata,

550 3535 553 3539 ·
594 3532 661 3576 non
682 3511 837 3591 vulgata,
859 3510 1044 3593 superlata,
1066 3510 1276 3596 inprimisque
1291 3523 1401 3578 trane·

585 3623 674 3703 lata,
695 3622 806 3688 necin
824 3619 955 3709 lingulis
972 3623 1096 3700 verbis,
1116 3623 1409 3688 termentum-
