3650 4350
546 439 614 505 am
743 423 814 492 ru
867 368 1160 492 vcinam

548 581 708 667 sociorum
724 606 826 682 atque
848 598 1028 663 amicorum
1049 598 1229 697 diqipieoda
1244 619 1283 665 ac
1301 624 1360 667 ve·

503 716 654 785 stranda
668 711 797 778 curasti.
829 709 905 790 Tu,
926 731 1000 797 quae
1018 733 1058 775 ex
1072 712 1156 777 fanis
1170 696 1361 796 religiofiffi-

546 827 610 894 mir
632 847 691 913 per
713 826 815 891 scelus
837 823 873 891 ἃ
893 825 1101 901 latrocinium
1121 825 1291 905 abstulisti,
1316 850 1356 894 ea

545 962 607 1009 noc
626 941 756 1019 videre,
777 938 834 1002 nifi
848 939 882 1002 in
899 927 992 1015 tuis,
1017 939 1261 1023 amicorumque
1281 951 1360 1006 tuo·

486 1064 491 1086 '
545 1074 619 1125 rum
627 1051 742 1132 testis,
760 1074 826 1117 noo
841 1048 1027 1136 poffumust
1049 1052 1086 1117 P.
1095 1048 1253 1118 Servilius
1260 1073 1357 1137 ,quae

506 1227 512 1241 ,
545 1167 633 1253 figoa
654 1175 754 1252 atque
775 1174 968 1231 ornamenta
983 1180 1023 1228 ex
1039 1166 1122 1231 urbe
1138 1164 1301 1246 hostium,
1326 1170 1359 1233 vi

545 1282 583 1349 ἀ
609 1282 734 1348 virtute
756 1289 874 1363 capta,
898 1278 977 1343 belli
996 1279 1088 1361 lege,
1106 1288 1204 1361 atque
1217 1280 1360 1365 impera·

539 1396 630 1461 torio
649 1393 723 1477 jure
746 1392 898 1468 sustulit,
927 1411 967 1456 ea
988 1392 1108 1474 populo
1130 1391 1277 1457 Romano
1299 1415 1360 1479 ap·

545 1507 713 1595 portavit,
739 1524 797 1588 per
813 1504 1014 1588 triumphum
1033 1504 1146 1583 vexit,
1175 1505 1209 1570 in
1227 1508 1356 1574 tabulas

544 1620 693 1707 publicas
722 1620 764 1681 ad
788 1618 940 1681 aerarium
964 1617 1186 1700 perscribenda
1214 1624 1354 1687 curavit.

544 1731 734 1816 cognoscite
761 1752 802 1795 ex
823 1730 944 1795 litteris
964 1730 1101 1814 publicis
1122 1732 1263 1798 hominis
1286 1754 1356 1800 am·

542 1821 671 1933 piiffimi
694 1844 906 1928 diligentiam.
951 1828 1077 1909 Recita.
1124 1865 1355 1913 narrum

541 1978 775 2027 MLATAE
805 1980 839 2021 ι».
868 1977 1117 2024 sunvxun.
1158 1959 1353 2026 Nonsolum

543 2093 716 2140 numerum
737 2070 925 2154 signorum,
949 2071 1004 2136 sed
1025 2072 1124 2136 etiam
1143 2072 1355 2157 uniuscujus-

541 2210 607 2274 que
621 2186 894 2269 magnitudinem,
910 2184 1050 2268 figuram
1059 2231 1069 2262 ,
1087 2164 1221 2267 statum,
1236 2188 1353 2255 litteris

417 2319 419 2323 ’
542 2300 673 2370 definiri
690 2287 792 2365 vides.
831 2299 926 2365 Certe
943 2299 1046 2382 major
1065 2299 1109 2364 est
1124 2300 1275 2380 virtutis,
1303 2303 1352 2369 vi-

539 2412 715 2499 uarieque
735 2413 921 2497 jucunditas
937 2410 955 2490 ,’
976 2433 1071 2495 quam
1095 2411 1154 2477 ista
1178 2414 1351 2498 voluptas,

539 2547 614 2613 quae
626 2529 803 2612 percipitur
814 2535 855 2591 'ex
866 2526 999 2603 libidine
1011 2524 1044 2590 δι
1057 2527 1247 2608 cupiditate.
1264 2531 1352 2594 mul·

538 2650 576 2706 to
593 2643 781 2767 diligenti&
796 2641 916 2705 habere
931 2640 1002 2705 dico
1018 2635 1193 2705 Servilium
1206 2644 1351 2723 praedam

538 2756 652 2840 populi
671 2754 833 2831 Romani,
861 2773 960 2838 quam
983 2763 1018 2817 te
1040 2763 1100 2818 tua
1126 2754 1213 2818 furta
1236 2763 1351 2820 notata

472 2879 529 2945 22
541 2877 638 2954 atque
650 2868 819 2951 descripta.
849 2865 967 2945 Dices,
986 2875 1046 2930 tua
1061 2885 1196 2950 quoque
1209 2865 1298 2950 tigna
1315 2868 1350 2934 δι
1382 2917 1386 2924 -

494 2970 667 3055 ⁵8tabulae
685 2976 800 3065 pitina
813 2988 1005 3068 ornamento
1022 2980 1115 3057 urbi,
1132 2981 1272 3064 foroque
1290 3002 1349 3066 po-

538 3097 611 3182 puli
627 3094 766 3160 Romani
782 3093 892 3172 iuiffeq
908 3092 1063 3160 Memini:
1082 3092 1149 3160 vidi
1166 3090 1258 3159 simul
1273 3115 1348 3160 cum

535 3210 656 3295 populo
678 3209 827 3273 Romano
847 3209 974 3286 forum,
999 3207 1235 3292 comitiumque
1253 3210 1350 3272 ador·

536 3331 652 3388 natum
666 3328 692 3400 ,ἱ
709 3325 749 3387 ad
774 3321 911 3406 speciem
933 3319 1109 3403 magnifico.
1131 3330 1275 3399 ornatu,
1307 3320 1349 3387 ad

429 3466 433 3471 f
536 3436 679 3512 sensum,
699 3433 995 3519 cogitationemque
1014 3435 1130 3503 acerbo
1151 3434 1187 3501 δι
1205 3435 1348 3520 lugubri.

536 3541 617 3614 Vidi
643 3551 807 3649 collucere
840 3549 950 3617 omnia
981 3549 1077 3616 turtir
1106 3549 1205 3632 tulo,
1236 3548 1346 3634 praeda
