3650 4350
543 533 611 623 'n
749 527 755 536 ·
826 499 1139 586 onnrro'
1246 497 1258 524 ³

567 701 645 758 tuus
659 699 825 777 ageretur,
848 690 923 758 Sex.
941 689 1055 770 Naevi,
1088 690 1112 756 sr
1133 687 1174 758 in
1200 691 1341 780 perenn
1354 711 1381 764 rt

568 807 728 890 captionis
747 807 867 889 aliquid
888 827 1052 887 vererere,
1076 827 1148 872 nun
1164 807 1282 874 stetim
1298 813 1338 876 ed
1353 811 1381 878 c.

570 919 763 1004 Aquilliunr,
785 931 842 984 aut
857 921 896 984 ad
910 935 1023 986 eorum
1041 922 1217 1004 aliquem,
1243 923 1305 1008 qui
1320 945 1382 990 eon·

567 1035 731 1110 suluntur,
764 1033 997 1101 concurriffesi
1028 1035 1112 1099 Cum
1132 1033 1191 1117 jue
1216 1037 1382 1114 amicitie,

567 1144 740 1223 societatis,
751 1143 917 1213 affinitatis
932 1156 1101 1230 ageretur:
1125 1169 1211 1214 curn
1227 1147 1383 1215 officiira·

569 1263 692 1326 tionem
707 1271 805 1345 atque
821 1256 1065 1325 existimationis
1080 1261 1159 1325 duci
1173 1265 1382 1330 conveniret:

569 1397 609 1441 eo
627 1383 774 1458 tempore
802 1384 838 1439 tu
861 1389 926 1438 non
945 1375 1042 1438 modo
1060 1377 1100 1438 ad
1118 1375 1155 1440 C.
1174 1375 1382 1463 Aquilliurn,

569 1498 627 1552 aut
645 1487 683 1552 L.
700 1485 891 1565 Lucullum,
918 1486 971 1552 sed
1001 1507 1042 1551 ne
1064 1487 1168 1571 ipsum
1195 1491 1382 1574 quidemad

569 1609 604 1667 te
626 1599 782 1666 retulistit
809 1623 849 1666 ne
870 1602 941 1667 haec
959 1600 1088 1686 quidem
1106 1610 1225 1666 tecum
1257 1604 1383 1669 locutur

570 1714 633 1783 es?
665 1713 765 1778 Horae
781 1718 853 1779 dune
871 1717 1021 1793 fuerunt3
1051 1710 1214 1790 Quintius
1236 1719 1283 1782 ad
1303 1713 1384 1784 vadi·

569 1827 716 1893 monium
732 1844 796 1891 non
810 1829 912 1893 venit.
939 1829 1016 1912 quid
1030 1827 1118 1910 ago?
1141 1825 1177 1893 Si
1193 1827 1382 1919 mehercule

569 1936 642 2007 haec
661 1951 770 2007 tecum
792 1944 856 2005 duo
880 1942 979 2007 verba
1000 1939 1144 2019 fecisses,
1181 1942 1281 2019 Quid
1297 1942 1381 2028 agui

568 2054 744 2141 respirasset
768 2055 929 2139 cupiditas
958 2062 1055 2140 atque
1086 2048 1228 2120 avaritia
1265 2055 1382 2142 paulu·

568 2167 657 2238 lurnt
681 2167 802 2254 aliquid
818 2170 882 2234 luci
899 2168 1017 2234 rationi
1032 2165 1067 2235 dt
1081 2165 1212 2235 confilio
1223 2167 1381 2239 dedill‘est

567 2294 605 2351 tu
625 2296 659 2352 te
680 2282 873 2367 collegisses:
907 2302 973 2348 non
993 2280 1026 2347 in
1048 2300 1120 2348 earn
1142 2286 1381 2368 turpitudinem

567 2394 721 2475 renides,
754 2407 789 2460 ut
810 2398 871 2461 huc
897 2392 957 2462 tibi
980 2394 1057 2460 esset
1080 2392 1165 2481 apud
1192 2396 1280 2465 talen
1297 2402 1395 2466 viror·

568 2507 809 2587 confitendum,
840 2529 903 2595 qua
923 2508 983 2575 tibi
1007 2504 1227 2577 vadimonium
1250 2528 1321 2577 nou
1345 2510 1382 2577 fit

569 2625 707 2702 obitum,
730 2627 842 2688 eadem
860 2622 988 2689 dehora
1004 2618 1382 2709 confiliumeepilie,hu·

569 2736 666 2803 ruinis
689 2734 859 2822 propinqui
881 2736 1027 2802 fortunas
1045 2737 1191 2803 funditus
1213 2749 1380 2805 evertere.

505 2876 555 2965 17
570 2853 639 2937 Ego
663 2868 721 2936 pru
747 2860 780 2916 te
795 2870 881 2914 nunc
903 2849 965 2914 hnc
979 2849 1107 2914 consulo
1130 2847 1198 2933 pust
1222 2859 1378 2935 tempus,

475 2972 481 3005 ¹
525 2966 771 3035 5l&lualienn
788 2986 833 3042 re,
857 2960 995 3049 quodtu
1013 2964 1115 3027 intua
1131 2981 1176 3041 re,
1199 2981 1276 3030 culn
1294 2975 1382 3031 tem·

570 3101 632 3168 pus
647 3089 736 3155 erat,
759 3080 922 3144 consulere
937 3078 1058 3143 oblitus
1077 3099 1125 3143 es.
1176 3077 1302 3154 Quaero
1324 3082 1383 3145 abt

571 3204 621 3273 te,
646 3195 681 3260 C.
697 3194 838 3277 Aquilli,
862 3191 900 3265 L.
915 3193 1068 3268 Luculle,
1092 3191 1128 3256 P.
1145 3191 1308 3269 Quintili,
1332 3190 1379 3257 Μ.

570 3306 723 3376 Marcelle
733 3317 748 3370 τ’
779 3307 998 3372 vadimonium
1022 3305 1101 3370 mihi
1121 3326 1185 3370 nou
1209 3306 1291 3369 obiit
1306 3300 1383 3389 qui-l

571 3427 646 3487 riam
660 3417 763 3494 socius
776 3420 809 3485 dr
830 3416 935 3484 affinis
950 3439 1054 3497 meus,
1078 3420 1207 3504 quicum
1224 3412 1305 3482 rnilri
1323 3434 1381 3482 nr·

571 3533 722 3599 teffitudo
741 3546 851 3611 vetus,
884 3531 1097 3597 controversia
1119 3534 1157 3597 de
1174 3553 1209 3596 re
1224 3535 1381 3615 pecunia·

571 3645 620 3714 ria
642 3666 754 3715 recens
775 3648 960 3714 intercedit.
991 3644 1157 3732 postulone
1176 3661 1195 3711 u
1213 3654 1378 3731 praetore,
1406 3716 1412 3737 ,
