3650 4350
572 527 637 594 134
832 435 1123 568 ORATI⁸0

575 693 669 760 turpe
694 675 739 742 est
764 676 918 752 scribere,
938 677 1027 758 quod
1052 694 1125 742 nou
1149 673 1375 751 debeaturrir

578 793 759 875 improbum
786 788 855 862 est,
879 810 944 851 non
967 790 1118 864 referre,
1150 789 1250 871 quod
1275 789 1377 856 debeo

532 979 537 994 Ι
582 927 674 989 aeque
695 905 780 967 enim
799 904 920 965 tabulae
941 904 1218 968 condemnantur
1234 901 1327 984 ejus,
1343 902 1378 986 q'

582 1039 695 1084 verum
714 1038 777 1080 non
796 1017 931 1090 retulit3
952 1014 985 1082 ἂ
1001 1015 1096 1097 ejus,
1115 1017 1182 1098 qui
1201 1017 1320 1082 falsum
1332 1035 1380 1098 per·

582 1131 710 1214 scripsit.
730 1128 793 1194 Sed
805 1151 865 1210 ego
878 1109 1194 1210 copia&facuitate
1207 1129 1316 1194 causae
1328 1149 1383 1193 eon

584 1245 678 1322 fisos,
695 1246 765 1308 vido
778 1264 841 1325 quo
857 1242 1054 1325 progrediar.
1075 1240 1113 1306 Si
1128 1245 1272 1310 tabulas
1283 1242 1383 1308 C.Frn

584 1360 661 1423 nius
676 1357 798 1440 accepti
814 1355 848 1420 ἃ
863 1353 990 1437 expensi
1005 1356 1132 1438 profert
1147 1356 1252 1434 sues,
1268 1356 1303 1422 iu
1319 1357 1385 1419 soro

585 1493 673 1544 rem,
698 1474 751 1532 suo
770 1471 928 1538 arbitrato
950 1469 1105 1551 scriptas:
1130 1489 1207 1552 quo
1227 1470 1338 1535 minus
1354 1473 1386 1532 ie-

557 1586 724 1659 scundum
749 1584 841 1646 illum
859 1583 1032 1665 judicetis,
1059 1601 1128 1645 non
1152 1583 1290 1650 recuso.
1322 1583 1385 1658 Quir

583 1697 645 1764 hoc
657 1698 756 1760 frater
773 1697 882 1767 fratri,
894 1696 965 1779 quis
979 1699 1096 1777 parens'
1111 1693 1186 1758 filio
1201 1696 1341 1774 tribuit,
1351 1705 1387 1770 ot,

584 1812 811 1892 quodcumque
833 1809 1014 1885 retuliffet,
1040 1807 1073 1871 id
1099 1817 1217 1876 ratum
1242 1807 1387 1873 baberet?

583 1932 689 1988 ratum
699 1923 828 1988 habebit
840 1923 983 1986 Roscius:
993 1921 1111 2003 profer.
1122 1922 1217 2003 quod
1231 1921 1295 1986 tibi
1305 1924 1388 1988 fuerit

586 2036 788 2120 persuasum,
810 2037 885 2099 huic
905 2037 968 2100 erit
987 2031 1196 2118 persuasum:
1225 2037 1319 2118 quod
1340 2035 1389 2099 tibi

585 2151 685 2219 fuerit
699 2152 886 2234 probatum,
906 2150 982 2213 buio
998 2147 1059 2211 erit
1073 2147 1268 2230 probatum„
1299 2149 1389 2220 Paulo

587 2272 664 2335 ante
677 2266 721 2329 Μ.
737 2265 924 2346 Perpernae,
944 2263 978 2327 P.
996 2258 1119 2329 Saturii
1133 2261 1272 2327 tabulas
1291 2264 1389 2347 posce·

585 2377 717 2441 bamus:
743 2396 827 2440 nunc
843 2384 935 2447 tuas,
959 2375 995 2441 C.
1007 2373 1105 2441 Fanni
1120 2373 1281 2453 cnaerea,
1301 2378 1389 2441 folior

585 2488 788 2570 flagitamus,
807 2487 861 2565 δι,
882 2509 948 2570 quo
965 2487 1072 2558 minus
1089 2486 1270 2555 secuudum
1286 2510 1344 2555 eas
1356 2490 1390 2555 lie

559 2603 695 2683 edetur,
706 2622 769 2665 non
781 2602 974 2669 recusamus.
997 2600 1085 2676 Quid
1100 2599 1148 2663 ita
1161 2619 1232 2665 non
1247 2603 1391 2685 proferri

586 2712 662 2783 Non
682 2712 811 2776 conficit
831 2712 986 2781 tabulis?
1014 2714 1118 2777 Immo
1136 2714 1387 2796 diligentiffirne.
1429 2736 1431 2741 ·

585 2824 662 2891 Non
678 2829 776 2889 refert
791 2846 890 2909 parva
906 2828 1035 2895 nomina
1052 2827 1086 2893 iu
1102 2827 1263 2899 codices?¹
1287 2831 1388 2895 Immo

586 2959 698 3004 ornnes
714 2940 861 3003 summas.
895 2940 982 3005 Leve
998 2938 1032 3006 δε
1047 2948 1147 3003 tenue
1161 2941 1229 3003 hoo
1243 2943 1387 3009 nomen?

534 3102 537 3107 -
585 3051 801 3119 H-Scocrooo
813 3054 893 3117 suot.
907 3054 1072 3137 quomodo
1080 3053 1138 3117 tibi
1147 3064 1242 3119 tanta
1250 3059 1388 3137 pecunia

585 3167 836 3241 extraordinaria
852 3166 969 3248 jacet?
983 3169 1145 3249 quomodo
1166 3165 1387 3233 H-Scccroou

583 3280 618 3351 ln
631 3281 741 3345 codice
758 3282 882 3363 accepti
898 3280 932 3349 &
948 3279 1074 3363 expenfi
1089 3300 1155 3343 nou
1173 3280 1279 3345 sunt?
1302 3282 1387 3346 Proh

582 3394 627 3459 dii
645 3394 861 3459 immortalem
884 3393 987 3461 ess'ene
1003 3412 1195 3477 quemquam
1211 3401 1306 3468 tanto
1325 3415 1385 3459 au·

580 3507 672 3569 dacia
684 3508 872 3589 praeditum,
886 3508 959 3591 qui,
981 3508 1068 3590 quod
1083 3498 1198 3571 nomen
1210 3508 1336 3573 reterre
1349 3509 1385 3573 iu

578 3606 705 3684 tabulas
722 3620 857 3700 timeat,
881 3622 916 3687 id
934 3628 1045 3705 petere
1072 3617 1213 3693 audeat?
1235 3622 1324 3702 quod,
1346 3621 1383 3695 iu
