<?xml version="1.0" encoding="UTF-8"?>
<!DOCTYPE html PUBLIC "-//W3C//DTD XHTML 1.0 Transitional//EN"
    "http://www.w3.org/TR/xhtml1/DTD/xhtml1-transitional.dtd">
<html xmlns="http://www.w3.org/1999/xhtml" xml:lang="en" lang="en">
 <head>
  <title>
</title>
<meta http-equiv="Content-Type" content="text/html;charset=utf-8" />
  <meta name='ocr-system' content='tesseract 3.04.00' />
  <meta name='ocr-capabilities' content='ocr_page ocr_carea ocr_par ocr_line ocrx_word'/>
</head>
<body>
  <div class='ocr_page' id='page_1' title='image "./mtvlliiciceroni02cicegoog_0585.png"; bbox 0 0 3650 4350; ppageno 0'>
   <div class='ocr_carea' id='block_1_1' title="bbox 488 477 1153 570">
    <p class='ocr_par' dir='ltr' id='par_1_1' title="bbox 488 477 1153 570">
     <span class='ocr_line' id='line_1_1' title="bbox 488 477 1153 570; baseline -0.021 -7"><span class='ocrx_word' id='word_1_1' title='bbox 488 481 623 570; x_wconf 66' lang='lat'><strong>⁴308·</strong></span> <span class='ocrx_word' id='word_1_2' title='bbox 737 480 811 553; x_wconf 74' lang='lat' dir='ltr'>lu</span> <span class='ocrx_word' id='word_1_3' title='bbox 860 477 1153 550; x_wconf 75' lang='lat' dir='ltr'><strong>VERREM</strong></span> 
     </span>
    </p>
   </div>
   <div class='ocr_carea' id='block_1_2' title="bbox 394 654 1382 3584">
    <p class='ocr_par' dir='ltr' id='par_1_2' title="bbox 472 654 1367 1539">
     <span class='ocr_line' id='line_1_2' title="bbox 472 654 1350 742; baseline 0.001 -17"><span class='ocrx_word' id='word_1_4' title='bbox 472 673 525 742; x_wconf 71' lang='lat' dir='ltr'>m</span> <span class='ocrx_word' id='word_1_5' title='bbox 542 663 723 735; x_wconf 73' lang='lat' dir='ltr'>conventu,</span> <span class='ocrx_word' id='word_1_6' title='bbox 737 655 791 722; x_wconf 86' lang='lat' dir='ltr'>sed</span> <span class='ocrx_word' id='word_1_7' title='bbox 805 658 956 742; x_wconf 71' lang='lat' dir='ltr'>praetoria</span> <span class='ocrx_word' id='word_1_8' title='bbox 967 657 1061 724; x_wconf 84' lang='lat' dir='ltr'>turba</span> <span class='ocrx_word' id='word_1_9' title='bbox 1075 660 1206 726; x_wconf 75' lang='lat' dir='ltr'>referta.</span> <span class='ocrx_word' id='word_1_10' title='bbox 1229 654 1350 726; x_wconf 77' lang='lat' dir='ltr'>Simul·¹</span> 
     </span>
     <span class='ocr_line' id='line_1_3' title="bbox 540 770 1367 859; baseline 0.001 -21"><span class='ocrx_word' id='word_1_11' title='bbox 540 790 580 838; x_wconf 77' lang='lat' dir='ltr'>ao</span> <span class='ocrx_word' id='word_1_12' title='bbox 590 770 729 857; x_wconf 76' lang='lat' dir='ltr'>potestur</span> <span class='ocrx_word' id='word_1_13' title='bbox 741 772 884 855; x_wconf 88' lang='lat' dir='ltr'>primum</span> <span class='ocrx_word' id='word_1_14' title='bbox 894 773 969 837; x_wconf 83' lang='lat' dir='ltr'>data</span> <span class='ocrx_word' id='word_1_15' title='bbox 982 771 1044 848; x_wconf 84' lang='lat' dir='ltr'>est,</span> <span class='ocrx_word' id='word_1_16' title='bbox 1061 772 1252 850; x_wconf 77' lang='lat' dir='ltr'>adeunthi,</span> <span class='ocrx_word' id='word_1_17' title='bbox 1265 780 1367 859; x_wconf 82' lang='lat' dir='ltr'>quoo&#39;</span> 
     </span>
     <span class='ocr_line' id='line_1_4' title="bbox 541 884 1352 971; baseline 0 -18"><span class='ocrx_word' id='word_1_18' title='bbox 541 887 622 953; x_wconf 82' lang='lat' dir='ltr'>dixi.</span> <span class='ocrx_word' id='word_1_19' title='bbox 643 886 790 971; x_wconf 89' lang='lat' dir='ltr'>loquitur</span> <span class='ocrx_word' id='word_1_20' title='bbox 805 884 961 951; x_wconf 71' lang='lat' dir='ltr'>Mustius:</span> <span class='ocrx_word' id='word_1_21' title='bbox 979 906 1048 951; x_wconf 86' lang='lat' dir='ltr'>rem</span> <span class='ocrx_word' id='word_1_22' title='bbox 1061 884 1276 951; x_wconf 81' lang='lat' dir='ltr'>demonstrat:</span> <span class='ocrx_word' id='word_1_23' title='bbox 1292 907 1352 971; x_wconf 87' lang='lat' dir='ltr'>pe·</span> 
     </span>
     <span class='ocr_line' id='line_1_5' title="bbox 541 1000 1353 1085; baseline -0.001 -19"><span class='ocrx_word' id='word_1_24' title='bbox 541 1001 584 1069; x_wconf 85' lang='lat' dir='ltr'>tit</span> <span class='ocrx_word' id='word_1_25' title='bbox 601 1000 782 1064; x_wconf 81' lang='lat' dir='ltr'>auxilium:</span> <span class='ocrx_word' id='word_1_26' title='bbox 804 1000 975 1084; x_wconf 81' lang='lat' dir='ltr'>pecuniam</span> <span class='ocrx_word' id='word_1_27' title='bbox 988 1000 1173 1084; x_wconf 87' lang='lat' dir='ltr'>pollicetur.</span> <span class='ocrx_word' id='word_1_28' title='bbox 1207 1000 1353 1085; x_wconf 84' lang='lat' dir='ltr'>Respon-</span> 
     </span>
     <span class='ocr_line' id='line_1_6' title="bbox 541 1114 1352 1192; baseline -0.002 -11"><span class='ocrx_word' id='word_1_29' title='bbox 541 1115 592 1181; x_wconf 83' lang='lat' dir='ltr'>dit</span> <span class='ocrx_word' id='word_1_30' title='bbox 607 1114 682 1192; x_wconf 83' lang='lat' dir='ltr'>illa,</span> <span class='ocrx_word' id='word_1_31' title='bbox 698 1122 739 1179; x_wconf 91' lang='lat' dir='ltr'>ut</span> <span class='ocrx_word' id='word_1_32' title='bbox 753 1114 931 1192; x_wconf 81' lang='lat' dir='ltr'>meretrix,</span> <span class='ocrx_word' id='word_1_33' title='bbox 947 1133 1013 1178; x_wconf 92' lang='lat' dir='ltr'>non</span> <span class='ocrx_word' id='word_1_34' title='bbox 1028 1114 1223 1178; x_wconf 80' lang='lat' dir='ltr'>inhumauer</span> <span class='ocrx_word' id='word_1_35' title='bbox 1243 1114 1352 1179; x_wconf 87' lang='lat' dir='ltr'>liben-</span> 
     </span>
     <span class='ocr_line' id='line_1_7' title="bbox 542 1223 1352 1308; baseline 0 -15"><span class='ocrx_word' id='word_1_36' title='bbox 542 1235 615 1308; x_wconf 81' lang='lat' dir='ltr'>ter,</span> <span class='ocrx_word' id='word_1_37' title='bbox 629 1228 692 1305; x_wconf 78' lang='lat' dir='ltr'>ait,</span> <span class='ocrx_word' id='word_1_38' title='bbox 714 1227 746 1293; x_wconf 83' lang='lat' dir='ltr'>se</span> <span class='ocrx_word' id='word_1_39' title='bbox 761 1225 825 1292; x_wconf 76' lang='lat' dir='ltr'>effe</span> <span class='ocrx_word' id='word_1_40' title='bbox 838 1223 1014 1306; x_wconf 73' lang='lat' dir='ltr'>tastum,</span> <span class='ocrx_word' id='word_1_41' title='bbox 1030 1226 1114 1294; x_wconf 80' lang='lat' dir='ltr'>&amp;se</span> <span class='ocrx_word' id='word_1_42' title='bbox 1132 1226 1282 1291; x_wconf 83' lang='lat' dir='ltr'>comisto</span> <span class='ocrx_word' id='word_1_43' title='bbox 1300 1230 1352 1293; x_wconf 91' lang='lat' dir='ltr'>di-</span> 
     </span>
     <span class='ocr_line' id='line_1_8' title="bbox 541 1339 1352 1426; baseline 0.001 -19"><span class='ocrx_word' id='word_1_44' title='bbox 541 1342 682 1426; x_wconf 74' lang='lat' dir='ltr'>k‘genter</span> <span class='ocrx_word' id='word_1_45' title='bbox 696 1341 1001 1406; x_wconf 69' lang='lat' dir='ltr'>sermocinatum:</span> <span class='ocrx_word' id='word_1_46' title='bbox 1015 1341 1137 1405; x_wconf 86' lang='lat' dir='ltr'>teverti</span> <span class='ocrx_word' id='word_1_47' title='bbox 1148 1339 1252 1424; x_wconf 78' lang='lat' dir='ltr'>jubet</span> <span class='ocrx_word' id='word_1_48' title='bbox 1274 1352 1352 1408; x_wconf 88' lang='lat' dir='ltr'>tum</span> 
     </span>
     <span class='ocr_line' id='line_1_9' title="bbox 543 1454 1352 1539; baseline -0.001 -18"><span class='ocrx_word' id='word_1_49' title='bbox 543 1456 724 1521; x_wconf 85' lang='lat' dir='ltr'>discedunt.</span> <span class='ocrx_word' id='word_1_50' title='bbox 752 1454 902 1539; x_wconf 76' lang='lat' dir='ltr'>postridie</span> <span class='ocrx_word' id='word_1_51' title='bbox 923 1461 1145 1520; x_wconf 82' lang='lat' dir='ltr'>revertuntur.</span> <span class='ocrx_word' id='word_1_52' title='bbox 1173 1466 1273 1537; x_wconf 84' lang='lat' dir='ltr'>negat</span> <span class='ocrx_word' id='word_1_53' title='bbox 1295 1457 1352 1520; x_wconf 77' lang='lat' dir='ltr'>illo</span> 
     </span>
    </p>

    <p class='ocr_par' dir='ltr' id='par_1_3' title="bbox 397 1568 1352 1670">
     <span class='ocr_line' id='line_1_10' title="bbox 397 1568 1352 1670; baseline -0.001 -37"><span class='ocrx_word' id='word_1_54' title='bbox 397 1586 402 1596; x_wconf 86' lang='lat'><strong><em>‘</em></strong></span> <span class='ocrx_word' id='word_1_55' title='bbox 543 1568 631 1653; x_wconf 83' lang='lat' dir='ltr'>poffe</span> <span class='ocrx_word' id='word_1_56' title='bbox 644 1568 809 1670; x_wconf 55' lang='lat' dir='ltr'>hominem</span> <span class='ocrx_word' id='word_1_57' title='bbox 821 1568 968 1631; x_wconf 78' lang='lat' dir='ltr'>exorari:</span> <span class='ocrx_word' id='word_1_58' title='bbox 983 1586 1192 1650; x_wconf 79' lang='lat' dir='ltr'>permagnam</span> <span class='ocrx_word' id='word_1_59' title='bbox 1208 1588 1286 1632; x_wconf 88' lang='lat' dir='ltr'>eum</span> <span class='ocrx_word' id='word_1_60' title='bbox 1300 1570 1352 1631; x_wconf 91' lang='lat' dir='ltr'>di·</span> 
     </span>
    </p>

    <p class='ocr_par' dir='ltr' id='par_1_4' title="bbox 476 1674 1353 2219">
     <span class='ocr_line' id='line_1_11' title="bbox 476 1674 1350 1776; baseline -0.001 -29"><span class='ocrx_word' id='word_1_61' title='bbox 476 1681 533 1776; x_wconf 79' lang='grc'>53</span> <span class='ocrx_word' id='word_1_62' title='bbox 543 1702 617 1747; x_wconf 81' lang='lat' dir='ltr'>cere</span> <span class='ocrx_word' id='word_1_63' title='bbox 633 1702 674 1745; x_wconf 81' lang='lat' dir='ltr'>ex</span> <span class='ocrx_word' id='word_1_64' title='bbox 689 1679 746 1745; x_wconf 84' lang='lat' dir='ltr'>illa</span> <span class='ocrx_word' id='word_1_65' title='bbox 762 1700 798 1744; x_wconf 91' lang='lat' dir='ltr'>re</span> <span class='ocrx_word' id='word_1_66' title='bbox 813 1680 985 1764; x_wconf 83' lang='lat' dir='ltr'>pecuniam</span> <span class='ocrx_word' id='word_1_67' title='bbox 1000 1678 1118 1746; x_wconf 85' lang='lat' dir='ltr'>confici</span> <span class='ocrx_word' id='word_1_68' title='bbox 1127 1674 1237 1766; x_wconf 73' lang='lat' dir='ltr'>&#39;poife⁸</span> <span class='ocrx_word' id='word_1_69' title='bbox 1281 1678 1350 1746; x_wconf 91' lang='lat' dir='ltr'>Ve-</span> 
     </span>
     <span class='ocr_line' id='line_1_12' title="bbox 545 1793 1352 1880; baseline -0.001 -20"><span class='ocrx_word' id='word_1_70' title='bbox 545 1814 644 1873; x_wconf 82' lang='lat' dir='ltr'>reor,</span> <span class='ocrx_word' id='word_1_71' title='bbox 671 1816 713 1859; x_wconf 89' lang='lat' dir='ltr'>ne</span> <span class='ocrx_word' id='word_1_72' title='bbox 734 1793 810 1877; x_wconf 89' lang='lat' dir='ltr'>quis</span> <span class='ocrx_word' id='word_1_73' title='bbox 831 1795 916 1859; x_wconf 89' lang='lat' dir='ltr'>forte</span> <span class='ocrx_word' id='word_1_74' title='bbox 938 1797 978 1859; x_wconf 92' lang='lat' dir='ltr'>de</span> <span class='ocrx_word' id='word_1_75' title='bbox 1000 1795 1140 1880; x_wconf 90' lang='lat' dir='ltr'>populo,</span> <span class='ocrx_word' id='word_1_76' title='bbox 1171 1796 1229 1879; x_wconf 88' lang='lat' dir='ltr'>qui</span> <span class='ocrx_word' id='word_1_77' title='bbox 1250 1795 1352 1879; x_wconf 81' lang='lat' dir='ltr'>priori</span> 
     </span>
     <span class='ocr_line' id='line_1_13' title="bbox 545 1906 1351 1992; baseline 0 -19"><span class='ocrx_word' id='word_1_78' title='bbox 545 1906 674 1974; x_wconf 79' lang='lat' dir='ltr'>afflone</span> <span class='ocrx_word' id='word_1_79' title='bbox 695 1928 762 1973; x_wconf 92' lang='lat' dir='ltr'>non</span> <span class='ocrx_word' id='word_1_80' title='bbox 783 1906 896 1985; x_wconf 81' lang='lat' dir='ltr'>affuit,</span> <span class='ocrx_word' id='word_1_81' title='bbox 923 1907 1017 1985; x_wconf 81' lang='lat' dir='ltr'>haeo,</span> <span class='ocrx_word' id='word_1_82' title='bbox 1047 1907 1278 1992; x_wconf 83' lang='lat' dir='ltr'>quiapropter</span> <span class='ocrx_word' id='word_1_83' title='bbox 1300 1908 1351 1973; x_wconf 84' lang='lat' dir='ltr'>in-</span> 
     </span>
     <span class='ocr_line' id='line_1_14' title="bbox 545 2019 1352 2107; baseline -0.001 -20"><span class='ocrx_word' id='word_1_84' title='bbox 545 2020 668 2107; x_wconf 80' lang='lat' dir='ltr'>figuem</span> <span class='ocrx_word' id='word_1_85' title='bbox 686 2021 925 2106; x_wconf 77' lang='lat' dir='ltr'>turpitudinem</span> <span class='ocrx_word' id='word_1_86' title='bbox 942 2021 1015 2085; x_wconf 84' lang='lat' dir='ltr'>sunt</span> <span class='ocrx_word' id='word_1_87' title='bbox 1030 2021 1247 2099; x_wconf 77' lang='lat' dir='ltr'>incredibilia,</span> <span class='ocrx_word' id='word_1_88' title='bbox 1270 2019 1352 2106; x_wconf 87' lang='lat' dir='ltr'>fingi</span> 
     </span>
     <span class='ocr_line' id='line_1_15' title="bbox 547 2115 1353 2219; baseline -0.002 -17"><span class='ocrx_word' id='word_1_89' title='bbox 547 2156 630 2202; x_wconf 80' lang='lat' dir='ltr'>ame</span> <span class='ocrx_word' id='word_1_90' title='bbox 638 2137 827 2201; x_wconf 81' lang='lat' dir='ltr'>arbitretur.</span> <span class='ocrx_word' id='word_1_91' title='bbox 839 2153 880 2199; x_wconf 84' lang='lat' dir='ltr'>ea</span> <span class='ocrx_word' id='word_1_92' title='bbox 886 2155 945 2199; x_wconf 85' lang='lat' dir='ltr'>vos</span> <span class='ocrx_word' id='word_1_93' title='bbox 954 2143 1049 2199; x_wconf 81' lang='lat' dir='ltr'>antea</span> <span class='ocrx_word' id='word_1_94' title='bbox 1057 2183 1067 2211; x_wconf 89' lang='lat'><em>‚</em></span> <span class='ocrx_word' id='word_1_95' title='bbox 1073 2134 1197 2218; x_wconf 76' lang='lat' dir='ltr'>Judiceu</span> <span class='ocrx_word' id='word_1_96' title='bbox 1204 2180 1216 2213; x_wconf 97' lang='lat'>,</span> <span class='ocrx_word' id='word_1_97' title='bbox 1229 2115 1353 2219; x_wconf 78' lang='lat' dir='ltr'>oogno·</span> 
     </span>
    </p>

    <p class='ocr_par' dir='ltr' id='par_1_5' title="bbox 474 2248 1354 2446">
     <span class='ocr_line' id='line_1_16' title="bbox 474 2248 1354 2333; baseline 0.002 -20"><span class='ocrx_word' id='word_1_98' title='bbox 474 2262 529 2321; x_wconf 78' lang='lat'>139</span> <span class='ocrx_word' id='word_1_99' title='bbox 546 2251 647 2317; x_wconf 82' lang='lat' dir='ltr'>vistis.</span> <span class='ocrx_word' id='word_1_100' title='bbox 670 2251 761 2318; x_wconf 86' lang='lat' dir='ltr'>Dixit</span> <span class='ocrx_word' id='word_1_101' title='bbox 773 2250 901 2333; x_wconf 87' lang='lat' dir='ltr'>juratus</span> <span class='ocrx_word' id='word_1_102' title='bbox 915 2250 950 2315; x_wconf 84' lang='grc' dir='ltr'>Ρ.</span> <span class='ocrx_word' id='word_1_103' title='bbox 962 2248 1117 2326; x_wconf 82' lang='lat' dir='ltr'>Potitius,</span> <span class='ocrx_word' id='word_1_104' title='bbox 1131 2255 1223 2313; x_wconf 86' lang='lat' dir='ltr'>tutor</span> <span class='ocrx_word' id='word_1_105' title='bbox 1235 2251 1354 2333; x_wconf 85' lang='lat' dir='ltr'>pupilli</span> 
     </span>
     <span class='ocr_line' id='line_1_17' title="bbox 544 2360 1352 2446; baseline -0.001 -16"><span class='ocrx_word' id='word_1_106' title='bbox 544 2365 660 2444; x_wconf 83' lang='lat' dir='ltr'>Juniir</span> <span class='ocrx_word' id='word_1_107' title='bbox 693 2364 774 2427; x_wconf 79' lang='lat' dir='ltr'>dixit</span> <span class='ocrx_word' id='word_1_108' title='bbox 795 2363 840 2428; x_wconf 85' lang='lat' dir='ltr'>M.</span> <span class='ocrx_word' id='word_1_109' title='bbox 862 2362 978 2438; x_wconf 83' lang='lat' dir='ltr'>Juuius</span> <span class='ocrx_word' id='word_1_110' title='bbox 994 2370 1116 2440; x_wconf 84' lang='lat' dir='ltr'>,tutor</span> <span class='ocrx_word' id='word_1_111' title='bbox 1137 2360 1173 2427; x_wconf 80' lang='lat' dir='ltr'>dr</span> <span class='ocrx_word' id='word_1_112' title='bbox 1192 2371 1352 2446; x_wconf 80' lang='lat' dir='ltr'>patruus:</span> 
     </span>
    </p>

    <p class='ocr_par' dir='ltr' id='par_1_6' title="bbox 464 2464 1382 3245">
     <span class='ocr_line' id='line_1_18' title="bbox 464 2464 1352 2560; baseline -0.007 -13"><span class='ocrx_word' id='word_1_113' title='bbox 464 2464 497 2501; x_wconf 75' lang='lat'>·⁸</span> <span class='ocrx_word' id='word_1_114' title='bbox 544 2476 681 2547; x_wconf 73' lang='lat' dir='ltr'>narnus</span> <span class='ocrx_word' id='word_1_115' title='bbox 695 2474 839 2553; x_wconf 69' lang='lat' dir='ltr'>nxrnet,</span> <span class='ocrx_word' id='word_1_116' title='bbox 862 2474 1044 2540; x_wconf 67' lang='lat' dir='ltr'>unvero:</span> <span class='ocrx_word' id='word_1_117' title='bbox 1065 2475 1119 2540; x_wconf 73' lang='lat' dir='ltr'>rer</span> <span class='ocrx_word' id='word_1_118' title='bbox 1135 2493 1194 2560; x_wconf 74' lang='lat' dir='ltr'>pro</span> <span class='ocrx_word' id='word_1_119' title='bbox 1212 2475 1352 2557; x_wconf 71' lang='lat' dir='ltr'>nunno,</span> 
     </span>
     <span class='ocr_line' id='line_1_19' title="bbox 527 2587 1382 2672; baseline -0.002 -15"><span class='ocrx_word' id='word_1_120' title='bbox 527 2591 668 2658; x_wconf 64' lang='lat' dir='ltr'>receuti</span> <span class='ocrx_word' id='word_1_121' title='bbox 682 2611 717 2653; x_wconf 89' lang='lat' dir='ltr'>re</span> <span class='ocrx_word' id='word_1_122' title='bbox 732 2591 772 2654; x_wconf 89' lang='lat' dir='ltr'>de</span> <span class='ocrx_word' id='word_1_123' title='bbox 789 2587 903 2653; x_wconf 83' lang='lat' dir='ltr'>Mustio</span> <span class='ocrx_word' id='word_1_124' title='bbox 920 2589 1070 2653; x_wconf 82' lang='lat' dir='ltr'>auditum</span> <span class='ocrx_word' id='word_1_125' title='bbox 1086 2587 1169 2652; x_wconf 87' lang='lat' dir='ltr'>dixit</span> <span class='ocrx_word' id='word_1_126' title='bbox 1180 2588 1217 2655; x_wconf 78' lang='grc' dir='ltr'>Ι..</span> <span class='ocrx_word' id='word_1_127' title='bbox 1233 2588 1354 2654; x_wconf 87' lang='lat' dir='ltr'>Domi·</span> <span class='ocrx_word' id='word_1_128' title='bbox 1380 2669 1382 2672; x_wconf 12' lang='lat' dir='ltr'>v</span> 
     </span>
     <span class='ocr_line' id='line_1_20' title="bbox 544 2684 1353 2787; baseline 0 -19"><span class='ocrx_word' id='word_1_129' title='bbox 544 2704 630 2768; x_wconf 83' lang='lat' dir='ltr'>tius:</span> <span class='ocrx_word' id='word_1_130' title='bbox 654 2703 714 2787; x_wconf 86' lang='lat' dir='ltr'>qui</span> <span class='ocrx_word' id='word_1_131' title='bbox 727 2722 805 2767; x_wconf 89' lang='lat' dir='ltr'>cum</span> <span class='ocrx_word' id='word_1_132' title='bbox 820 2700 932 2781; x_wconf 87' lang='lat' dir='ltr'>sciret,</span> <span class='ocrx_word' id='word_1_133' title='bbox 948 2723 1002 2766; x_wconf 90' lang='lat' dir='ltr'>me</span> <span class='ocrx_word' id='word_1_134' title='bbox 1015 2723 1055 2768; x_wconf 81' lang='lat' dir='ltr'>ex</span> <span class='ocrx_word' id='word_1_135' title='bbox 1065 2699 1183 2766; x_wconf 82' lang='lat' dir='ltr'>Mustio</span> <span class='ocrx_word' id='word_1_136' title='bbox 1198 2684 1275 2767; x_wconf 84' lang='lat' dir='ltr'>vivo</span> <span class='ocrx_word' id='word_1_137' title='bbox 1292 2722 1353 2768; x_wconf 86' lang='lat' dir='ltr'>au·</span> 
     </span>
     <span class='ocr_line' id='line_1_21' title="bbox 543 2813 1353 2900; baseline -0.001 -17"><span class='ocrx_word' id='word_1_138' title='bbox 543 2815 642 2895; x_wconf 82' lang='lat' dir='ltr'>diffe,</span> <span class='ocrx_word' id='word_1_139' title='bbox 659 2817 744 2900; x_wconf 92' lang='lat' dir='ltr'>quod</span> <span class='ocrx_word' id='word_1_140' title='bbox 757 2835 798 2880; x_wconf 85' lang='lat' dir='ltr'>eo</span> <span class='ocrx_word' id='word_1_141' title='bbox 812 2815 881 2880; x_wconf 83' lang='lat' dir='ltr'>ium</span> <span class='ocrx_word' id='word_1_142' title='bbox 900 2815 977 2881; x_wconf 90' lang='lat' dir='ltr'>usus</span> <span class='ocrx_word' id='word_1_143' title='bbox 988 2815 1184 2899; x_wconf 86' lang='lat' dir='ltr'>plurimum,</span> <span class='ocrx_word' id='word_1_144' title='bbox 1203 2813 1353 2896; x_wconf 84' lang='lat' dir='ltr'>(etenim</span> 
     </span>
     <span class='ocr_line' id='line_1_22' title="bbox 543 2929 1353 3014; baseline -0.002 -16"><span class='ocrx_word' id='word_1_145' title='bbox 543 2931 579 2998; x_wconf 88' lang='lat' dir='ltr'>id</span> <span class='ocrx_word' id='word_1_146' title='bbox 590 2930 766 3014; x_wconf 84' lang='lat' dir='ltr'>judicium,</span> <span class='ocrx_word' id='word_1_147' title='bbox 778 2931 867 3013; x_wconf 85' lang='lat' dir='ltr'>quod</span> <span class='ocrx_word' id='word_1_148' title='bbox 880 2948 980 3014; x_wconf 90' lang='lat' dir='ltr'>prope</span> <span class='ocrx_word' id='word_1_149' title='bbox 992 2929 1136 2993; x_wconf 89' lang='lat' dir='ltr'>omnium</span> <span class='ocrx_word' id='word_1_150' title='bbox 1145 2929 1353 2996; x_wconf 82' lang='lat' dir='ltr'>fortunarum</span> 
     </span>
     <span class='ocr_line' id='line_1_23' title="bbox 542 3042 1352 3119; baseline -0.004 -9"><span class='ocrx_word' id='word_1_151' title='bbox 542 3042 1067 3119; x_wconf 63' lang='lat' dir='ltr'>suarumffldustiushabuitme</span> <span class='ocrx_word' id='word_1_152' title='bbox 1079 3063 1144 3106; x_wconf 89' lang='lat' dir='ltr'>nnn</span> <span class='ocrx_word' id='word_1_153' title='bbox 1156 3043 1352 3109; x_wconf 82' lang='lat' dir='ltr'>defendente</span> 
     </span>
     <span class='ocr_line' id='line_1_24' title="bbox 543 3154 1354 3245; baseline -0.01 -22"><span class='ocrx_word' id='word_1_154' title='bbox 543 3156 670 3245; x_wconf 84' lang='lat' dir='ltr'>vicit,)</span> <span class='ocrx_word' id='word_1_155' title='bbox 689 3176 765 3221; x_wconf 86' lang='lat' dir='ltr'>cum</span> <span class='ocrx_word' id='word_1_156' title='bbox 785 3157 866 3235; x_wconf 88' lang='lat' dir='ltr'>hoc,</span> <span class='ocrx_word' id='word_1_157' title='bbox 889 3165 930 3222; x_wconf 89' lang='lat' dir='ltr'>ut</span> <span class='ocrx_word' id='word_1_158' title='bbox 951 3158 1044 3236; x_wconf 88' lang='lat' dir='ltr'>dico,</span> <span class='ocrx_word' id='word_1_159' title='bbox 1067 3155 1161 3221; x_wconf 86' lang='lat' dir='ltr'>sciret</span> <span class='ocrx_word' id='word_1_160' title='bbox 1177 3154 1216 3220; x_wconf 86' lang='lat' dir='ltr'>L.</span> <span class='ocrx_word' id='word_1_161' title='bbox 1233 3155 1354 3222; x_wconf 69' lang='lat' dir='ltr'>Domi-</span> 
     </span>
    </p>

    <p class='ocr_par' dir='ltr' id='par_1_7' title="bbox 463 3268 1352 3348">
     <span class='ocr_line' id='line_1_25' title="bbox 463 3268 1352 3348; baseline -0.001 -11"><span class='ocrx_word' id='word_1_162' title='bbox 463 3284 467 3290; x_wconf 78' lang='lat'>·</span> <span class='ocrx_word' id='word_1_163' title='bbox 543 3270 633 3348; x_wconf 83' lang='lat' dir='ltr'>tius,</span> <span class='ocrx_word' id='word_1_164' title='bbox 655 3289 709 3336; x_wconf 87' lang='lat' dir='ltr'>me</span> <span class='ocrx_word' id='word_1_165' title='bbox 726 3270 823 3348; x_wconf 88' lang='lat' dir='ltr'>scire,</span> <span class='ocrx_word' id='word_1_166' title='bbox 844 3272 886 3334; x_wconf 76' lang='lat' dir='ltr'>nd</span> <span class='ocrx_word' id='word_1_167' title='bbox 901 3290 978 3338; x_wconf 86' lang='lat' dir='ltr'>euru</span> <span class='ocrx_word' id='word_1_168' title='bbox 994 3290 1046 3335; x_wconf 87' lang='lat' dir='ltr'>res</span> <span class='ocrx_word' id='word_1_169' title='bbox 1064 3289 1178 3335; x_wconf 78' lang='lat' dir='ltr'>omnen</span> <span class='ocrx_word' id='word_1_170' title='bbox 1198 3268 1352 3336; x_wconf 78' lang='lat' dir='ltr'>Mustium</span> 
     </span>
    </p>

    <p class='ocr_par' dir='ltr' id='par_1_8' title="bbox 394 3375 1353 3473">
     <span class='ocr_line' id='line_1_26' title="bbox 394 3375 1353 3473; baseline 0.003 -26"><span class='ocrx_word' id='word_1_171' title='bbox 394 3393 396 3396; x_wconf 82' lang='grc'><strong>’</strong></span> <span class='ocrx_word' id='word_1_172' title='bbox 522 3468 524 3473; x_wconf 85' lang='lat'><em>.</em></span> <span class='ocrx_word' id='word_1_173' title='bbox 543 3375 673 3448; x_wconf 81' lang='lat' dir='ltr'>solitum</span> <span class='ocrx_word' id='word_1_174' title='bbox 690 3381 753 3448; x_wconf 86' lang='lat' dir='ltr'>effe</span> <span class='ocrx_word' id='word_1_175' title='bbox 766 3384 911 3462; x_wconf 74' lang='lat' dir='ltr'>deterre3</span> <span class='ocrx_word' id='word_1_176' title='bbox 929 3390 1039 3449; x_wconf 82' lang='lat' dir='ltr'>trrnen</span> <span class='ocrx_word' id='word_1_177' title='bbox 1051 3387 1093 3450; x_wconf 93' lang='lat' dir='ltr'>de</span> <span class='ocrx_word' id='word_1_178' title='bbox 1107 3381 1284 3450; x_wconf 85' lang='lat' dir='ltr'>Chelidone</span> <span class='ocrx_word' id='word_1_179' title='bbox 1298 3403 1353 3450; x_wconf 90' lang='lat' dir='ltr'>re·</span> 
     </span>
    </p>

    <p class='ocr_par' dir='ltr' id='par_1_9' title="bbox 470 3495 1351 3584">
     <span class='ocr_line' id='line_1_27' title="bbox 470 3495 1351 3584; baseline 0.005 -25"><span class='ocrx_word' id='word_1_180' title='bbox 470 3504 472 3511; x_wconf 89' lang='lat'>&#39;</span> <span class='ocrx_word' id='word_1_181' title='bbox 534 3496 658 3575; x_wconf 70' lang='lat' dir='ltr'>tinuit,</span> <span class='ocrx_word' id='word_1_182' title='bbox 673 3499 781 3584; x_wconf 70' lang='lat' dir='ltr'>quoad</span> <span class='ocrx_word' id='word_1_183' title='bbox 793 3498 920 3582; x_wconf 80' lang='lat' dir='ltr'>potuit:</span> <span class='ocrx_word' id='word_1_184' title='bbox 939 3497 1004 3563; x_wconf 79' lang='lat' dir='ltr'>alio</span> <span class='ocrx_word' id='word_1_185' title='bbox 1017 3495 1351 3583; x_wconf 78' lang='lat' dir='ltr'>responfionensnm</span> 
     </span>
    </p>
   </div>
   <div class='ocr_carea' id='block_1_3' title="bbox 408 3604 1350 3716">
    <p class='ocr_par' dir='ltr' id='par_1_10' title="bbox 408 3604 1350 3716">
     <span class='ocr_line' id='line_1_28' title="bbox 408 3604 1350 3716; baseline -0.01 -8"><span class='ocrx_word' id='word_1_186' title='bbox 408 3694 415 3702; x_wconf 14' lang='lat' dir='ltr'>a</span> <span class='ocrx_word' id='word_1_187' title='bbox 538 3604 716 3716; x_wconf 57' lang='lat' dir='ltr'>aurant,</span> <span class='ocrx_word' id='word_1_188' title='bbox 749 3610 883 3711; x_wconf 52' lang='lat' dir='ltr'>‚Tentat</span> <span class='ocrx_word' id='word_1_189' title='bbox 901 3612 1159 3708; x_wconf 60' lang='lat' dir='ltr'>dautran·</span> <span class='ocrx_word' id='word_1_190' title='bbox 1179 3609 1350 3702; x_wconf 57' lang='lat' dir='ltr'>eperum</span> 
     </span>
    </p>
   </div>
   <div class='ocr_carea' id='block_1_4' title="bbox 679 3837 727 3854">
    <p class='ocr_par' dir='ltr' id='par_1_11' title="bbox 679 3837 727 3854">
     <span class='ocr_line' id='line_1_29' title="bbox 679 3837 727 3854; baseline -0.021 1"><span class='ocrx_word' id='word_1_191' title='bbox 679 3837 727 3854; x_wconf 53' lang='lat' dir='ltr'>&#39;W</span> 
     </span>
    </p>
   </div>
   <div class='ocr_carea' id='block_1_5' title="bbox 0 0 1832 4350">
    <p class='ocr_par' dir='ltr' id='par_1_12' title="bbox 0 0 1832 4350">
     <span class='ocr_line' id='line_1_30' title="bbox 0 0 1832 4350; baseline 0 0"><span class='ocrx_word' id='word_1_192' title='bbox 0 0 1832 4350; x_wconf 95' lang='lat' dir='ltr'> </span> 
     </span>
    </p>
   </div>
  </div>
 </body>
</html>
