3650 4350
673 357 1097 464 nrvrunr'rxo
1221 391 1286 473 ιε,

432 560 450 606 ³
489 590 530 633 ex
546 589 605 647 eo,
625 570 787 654 quodipse
800 567 902 653 potest
917 569 953 632 in
968 561 1284 668 dicendo‚.aliquan·

433 680 442 719 ¹
487 690 561 743 tum
582 684 747 761 remittet,
770 690 810 746 ut
828 689 864 745 tu
884 690 991 745 tamen
1013 679 1135 762 aliquid
1153 676 1214 741 effe
1232 676 1283 741 vi-

486 801 596 858 deare.
618 795 663 859 Ut
678 796 711 858 in
725 792 887 859 asturibus
902 791 1024 857 Graccis
1037 791 1109 857 lieri
1124 791 1284 876 videmus3

488 907 570 988 saepe
583 908 693 985 illum,
704 908 760 990 qui
774 905 819 971 est
828 907 1036 971 secundarum
1045 914 1101 970 aut
1112 904 1283 984 tertiarum

488 1013 649 1102 partium,
664 1039 740 1084 curu
751 1016 844 1103 polilt
855 1020 1016 1102 aliquanto
1029 1020 1148 1083 clarius
1162 1016 1286 1092 dicere,-

488 1152 587 1216 quam
605 1132 672 1217 ipse
691 1132 887 1217 primarum,
901 1133 1046 1196 multum
1063 1130 1282 1205 summittere,

487 1253 525 1308 ut
541 1246 596 1309 ille
616 1247 763 1330 princepe
779 1247 878 1328 quum
896 1244 1036 1309 maxime
1055 1244 1192 1308 excellat
1205 1261 1215 1305 r
1227 1239 1282 1306 lic
1322 1255 1325 1264 ·

484 1358 585 1423 reciet
598 1359 771 1424 Animus:
791 1357 850 1423 tin
865 1337 998 1434 serviet,
1013 1354 1284 1421 cunemannu-

485 1478 556 1534 tur:
569 1472 677 1535 minus
685 1470 849 1553 aliquanto
859 1471 1045 1546 contendet,
1055 1487 1152 1552 quam
1164 1467 1280 1554 potest.

484 1584 556 1658 Jam
575 1583 637 1647 hoc
653 1582 866 1659 confiderate,
887 1581 1063 1666 cujusmodi
1079 1581 1279 1647 accusatores
1287 1605 1323 1665 4⁹
1337 1604 1341 1618 ·

482 1695 519 1758 in
534 1702 625 1758 tanto
640 1695 760 1778 judicio
777 1692 876 1758 sumus
893 1694 1053 1772 habituri3
1072 1714 1145 1758 cum
1162 1692 1198 1761 δι
1214 1696 1281 1779 ipse'

483 1807 635 1897 Allienus
649 1828 689 1873 ex
705 1825 743 1871 ea
755 1807 928 1882 facultate,
943 1803 967 1868 fi
981 1824 1077 1888 quarn
1091 1807 1204 1884 habet,
1221 1809 1281 1874 ali·

484 1927 642 2002 quantum
662 1915 866 1989 detrasturus
887 1914 951 1994 fit3
980 1916 1184 1983 &Caecilius
1207 1929 1280 1986 tum

484 2031 623 2115 denique
643 2029 674 2096 se
689 2030 811 2113 aliquid
830 2026 997 2095 facturum-
1011 2038 1121 2112 putet,
1141 2028 1281 2097 fiAllle-

484 2164 546 2208 nus
560 2144 667 2209 minus
683 2135 854 2210 v'ehemour
868 2141 984 2220 merit,
996 2140 1031 2208 lie
1043 2140 1099 2208 fibi
1110 2143 1230 2228 primae
1244 2144 1279 2211 iu
1336 2180 1339 2187 ,

482 2258 618 2321 dicendo
642 2265 750 2339 partos
768 2253 964 2320 concesserit.
995 2255 1160 2332 Quartum
1179 2279 1279 2341 quen

481 2368 520 2433 fit
534 2371 720 2445 habiturus,
740 2356 806 2433 nou'
820 2368 932 2445 video,
952 2367 1009 2432 nisr
1025 2388 1122 2451 quem
1136 2372 1220 2436 forte
1238 2393 1279 2436 ex

480 2483 538 2546 illo
564 2502 661 2565 grege
684 2472 907 2557 moratorum,
938 2481 995 2565 qui
1021 2482 1278 2566 subscriptionem

481 2593 539 2660 fibi
553 2594 769 2677 postularunt,
793 2594 983 2678 cuicumque
1004 2614 1062 2659 vos
1084 2597 1277 2663 delationem

481 2707 652 2772 dedissetis.
673 2708 722 2772 Ex
732 2707 866 2790 quibus,
879 2704 1072 2770 alienillimis
1083 2710 1276 2788 hominibus,
1287 2723 1319 2782 50

483 2821 530 2882 ita
547 2829 677 2903 paratus
697 2821 808 2898 venis,
829 2826 869 2883 ut
889 2819 950 2883 tibi
970 2819 1083 2904 hospes
1102 2823 1218 2907 aliquis
1239 2823 1278 2889 fit

482 2932 694 3015 recipiendus.
732 2932 859 3008 Quibus
886 2951 945 3014 ego
970 2952 1034 2997 non
1057 2922 1128 2997 sum
1149 2943 1277 3002 tantum
1311 2988 1314 2997 .

481 3045 636 3110 honorem
652 3046 838 3126 habiturus,
852 3050 892 3109 ut
906 3045 946 3108 ad
960 3065 1013 3121 ea,
1031 3065 1105 3127 quae
1120 3047 1276 3127 dixerint,

480 3167 569 3221 certo
584 3157 656 3222 loco
665 3203 675 3235 ,
694 3165 750 3221 aut
762 3156 945 3240 singulatim
960 3159 1278 3244 unicuiquerespon·

479 3272 584 3333 deam.
607 3268 650 3334 fic
671 3271 831 3347 breviter,
857 3271 1009 3352 quoniam
1030 3291 1094 3334 non
1114 3274 1276 3352 consulto,

479 3381 532 3445 sed
553 3383 626 3447 casu
647 3385 681 3448 in
700 3403 816 3448 eorum
834 3384 1029 3447 mentionem
1047 3385 1162 3462 incidi,
1186 3386 1275 3470 quasi

477 3487 664 3578 praeteriens
693 3495 884 3561 satisfecicm
915 3494 1083 3567 universe.
1127 3497 1275 3568 Tantane
1289 3489 1343 3573 16

1025 3609 1058 3673 M
1081 3630 1101 3693 4
