3650 4350
725 497 1033 576 cursous
1234 503 1284 591 dr,

477 699 553 752 rum
565 679 738 767 leguntur,
760 681 864 749 videri
878 680 991 748 solent.
1008 677 1012 688 '
1035 675 1106 744 Nec
1123 698 1200 747 vero
1217 668 1350 770 missgss

477 797 641 863 -serauone
662 793 764 863 solum
785 815 880 862 meno
899 793 1043 878 judicum
1065 795 1281 876 permovenda
1294 771 1353 834 ¹³⁸

475 909 525 976 est
544 906 637 993 (qua
657 929 718 974 noo
743 907 790 972 ita
814 909 961 973 dolenter
986 908 1035 972 uti
1055 905 1212 982 solemus,
1242 913 1284 974 ut

479 1041 622 1110 puerum
639 1022 794 1088 insonum
811 1021 845 1085 in
864 1020 1013 1086 manibus
1025 1026 1212 1104 perorantes
1232 1023 1284 1094 te·

482 1137 668 1214 uuerimua3
690 1142 728 1200 ut
740 1135 803 1199 alia
816 1133 850 1198 in
866 1133 972 1210 causa,
996 1133 1134 1198 excitato
1152 1151 1208 1198 reo
1223 1151 1284 1195 no·

481 1249 560 1327 bill,
572 1248 703 1316 ,subiato
724 1248 822 1313 etiam
841 1246 910 1322 filio
932 1264 1050 1328 parvo,
1071 1246 1224 1330 plangore
1247 1242 1283 1310 dt

482 1362 715 1428 lamentatione
728 1362 953 1444 complerimus
962 1361 1105 1444 forum):
1123 1359 1284 1426 sedetiam

483 1473 530 1541 est
544 1475 737 1548 faciendum,
759 1482 796 1538 ut
811 1473 963 1538 irascatur
975 1474 1082 1557 judex,
1105 1472 1287 1555 mitigetur,

482 1587 653 1666 invideat,
688 1588 815 1663 iaveat,
847 1593 1055 1663 contemnat,
1093 1585 1287 1662 admiretur,

468 1779 479 1789 ..
487 1700 593 1766 oderit
605 1745 616 1778 ,
638 1699 773 1781 diligat,
794 1700 924 1784 cupiat,
946 1700 1090 1765 satietate
1116 1696 1289 1776 afficiatur,

484 1813 611 1898 sperat,
633 1819 774 1889 metuat,
795 1813 936 1892 laetetur,
958 1814 1085 1892 doleat3
1107 1830 1170 1897 qua
1184 1812 1218 1876 in
1232 1830 1288 1876 va-

485 1925 629 2002 rietate,
661 1912 855 2004 druriorua‘r,
894 1926 1051 1991 accusatio
1079 1923 1290 2010 suppeditabit

488 2037 653 2121 exemplu
670 2036 1053 2115 mitiorumdeienfiooes
1064 2057 1159 2105 meae.
1189 2019 1288 2102 Notio
1303 2041 1356 2102 13²

486 2153 578 2221 euim
587 2153 683 2216 modo
698 2151 825 2216 animus
838 2151 1000 2216 audientis
1009 2157 1065 2216 aut
1073 2149 1213 2227 incitari,
1233 2156 1296 2217 aut-

484 2264 584 2333 ieuiri
606 2263 727 2349 potest,
755 2265 810 2347 qui
831 2268 946 2330 modus
964 2284 984 2329 a
1001 2284 1053 2329 me
1067 2285 1132 2329 noo
1145 2270 1290 2327 tentator

488 2376 540 2443 fit.
572 2378 712 2443 dicerem
725 2376 917 2461 perfedtum,
938 2376 1210 2461 fiitaJudioarem,
1227 2395 1291 2441 nec

475 2470 526 2557 'in'
544 2470 679 2556 veritate
696 2491 817 2554 crimen
831 2493 1021 2575 arrogantiae
1040 2470 1293 2557 extimescerem.
1323 2537 1325 2540 -
1414 2476 1417 2481 ⁴

491 2602 558 2669 Sed
575 2600 640 2686 (ut
660 2603 754 2686 supra
778 2605 867 2687 dixi)
890 2606 979 2670 nulla
1002 2626 1054 2670 me
1073 2603 1217 2688 ingenii,
1239 2603 1293 2671 sed

492 2734 612 2799 magua
631 2716 679 2781 vis
697 2716 797 2780 animi
810 2716 1005 2796 inflammat,
1028 2724 1065 2781 ut
1080 2737 1133 2783 me
1147 2717 1213 2801 ipse
1227 2737 1294 2781 oon
1347 2750 1353 2757 -

492 2835 636 2894 teneam.
680 2827 751 2896 Nec
768 2848 920 2912 umquam
937 2831 985 2907 io,
1008 2830 1065 2914 qui
1080 2831 1221 2907 audiret,
1243 2830 1297 2894 in.-
1319 2829 1322 2836 ’

494 2924 707 3020 ’ωηάειετυῃ
737 2939 795 3005 nifi
815 2944 930 3007 ardena
952 2945 992 3007 ad
1016 2926 1090 3007 eum
1112 2941 1297 3027 perveniret

492 3042 614 3121 oratio.
658 3053 775 3119 Uterer
790 3055 944 3139 exemplis
964 3055 1162 3134 domesticis,
1183 3054 1242 3119 nisi
1257 3073 1298 3119 ea
1325 3038 1328 3043 ’

494 3165 640 3251 iegiffessa
660 3150 770 3235 uterer
785 3166 898 3232 alienis
909 3169 960 3234 vel
974 3167 1110 3247 Latinis,
1131 3166 1234 3234 srulla
1247 3186 1301 3231 re.-

498 3280 656 3369 perirem;
679 3279 730 3344 vei
745 3278 885 3358 Graecis,
907 3279 1083 3349 fideceret.
1127 3280 1189 3346 Sed
1202 3274 1299 3345 Crasti
1389 3344 1392 3356 ,

498 3409 662 3480 perpauca
675 3390 762 3470 suut,
784 3413 844 3458 nec
858 3413 895 3458 ea
905 3394 1111 3477 Judiciorum.
1141 3392 1221 3485 nihil
1231 3393 1301 3455 An·

498 3505 602 3593 tonii‚
631 3503 711 3569 nihii
734 3503 863 3585 Cottae,
889 3508 971 3572 nihil
994 3505 1138 3591 Sulpicii.
1168 3497 1303 3570 'dicebat
1356 3584 1369 3595 ,Ι

502 3618 623 3687 melius
629 3622 652 3698 ,'
664 3637 763 3703 quam
778 3618 895 3706 scripsit
900 3666 912 3704 ,
934 3618 1135 3689 Hortensius.
1178 3617 1303 3687 Verum
1319 3631 1371 3692 132
