3650 4350
504 496 547 577 3⁸
640 447 645 454 ’
770 413 1146 556 onorico·

504 660 681 732 memorari
690 662 907 743 procuratoris
916 660 1033 744 potest,
1044 662 1149 745 quod
1164 659 1209 726 ab
1218 661 1315 747 Alpbr·

506 797 551 842 no
566 776 765 859 praeteritum
781 774 842 840 effe
860 774 1036 840 videatur?
1064 776 1163 851 Quid
1181 769 1321 856 affertur,¹

509 908 608 975 quare
625 889 661 953 P.
678 888 835 964 Quintius
856 888 967 952 absens
982 899 1134 970 negetur
1146 888 1218 955 effe
1231 892 1319 955 defen·

508 1002 590 1069 rost
624 1001 677 1067 An
698 1001 842 1078 veroid,
874 1002 961 1087 quod
988 1001 1238 1079 Hortenfiurn,
1264 1005 1320 1086 quia

510 1137 615 1202 nuper
629 1116 750 1196 injecit,
772 1114 806 1180 dt
826 1118 901 1198 quia
920 1114 1055 1179 Naevius
1076 1115 1217 1200 semper
1229 1118 1263 1180 id
1275 1118 1323 1180 cb·

513 1232 625 1320 nritat,
649 1227 812 1293 dicturum
828 1230 983 1304 arbitror,
1013 1228 1204 1295 nonfoiffe
1224 1229 1322 1294 Naevio

512 1362 624 1429 parem
642 1343 851 1406 certationem
865 1363 941 1407 cum
960 1342 1136 1422 Alpheno,
1170 1343 1236 1407 illo
1256 1354 1327 1409 ten-¹

513 1475 604 1540 pore,
626 1455 690 1518 illis
703 1454 970 1519 dominantibus?
992 1454 1125 1537 quodfi
1144 1458 1250 1522 velim
1262 1479 1323 1521 con·

514 1566 620 1644 fiteri3
644 1567 744 1644 illud,
773 1570 904 1650 opinor,
934 1569 1138 1654 concedent,
1171 1591 1244 1635 non
1264 1592 1324 1653 pro·

515 1693 700 1746 curatorem
726 1683 762 1745 P.
783 1683 913 1757 Quintii
936 1682 1101 1746 neminem
1128 1684 1251 1761 fuiffe,
1286 1685 1326 1749 sed

515 1794 690 1880 gratiosum
705 1794 808 1859 ruine.
854 1796 933 1860 Mihi
947 1805 1058 1860 autern
1073 1797 1117 1859 ad
1131 1797 1326 1862 vincendun

515 1908 592 1974 satis
608 1907 669 1985 est,
691 1907 785 1973 fuisse
802 1918 1052 1990 procuratorem,
1073 1909 1220 1991 quicum
1238 1932 1327 1995 expe·

515 2024 573 2087 nn
590 2021 701 2106 posset.
746 2022 860 2100 Quoia
877 2024 905 2088 is
921 2023 1037 2099 fuerit,
1059 2020 1083 2084 fi
1102 1999 1207 2088 nodo
1222 2027 1327 2090 ansen-

513 2144 582 2202 tem
600 2138 791 2203 defendebat
805 2156 861 2220 per
879 2135 945 2218 jus,
969 2134 1003 2200 dr
1020 2154 1077 2219 per
1089 2128 1327 2220 magistratum,

473 2275 508 2339 ⁶9
518 2253 599 2316 nihil
614 2254 655 2316 ad
671 2271 741 2316 rem
757 2250 894 2314 arbitror
907 2240 1080 2334 pertinere.
1125 2250 1327 2333 Erat-eninr,

515 2366 640 2448 inquit,
663 2365 790 2428 illarum
802 2367 962 2445 partium
999 2361 1145 2439 Quidni?
1168 2367 1228 2447 qui
1245 2367 1327 2449 a'pod

486 2518 489 2523 -
512 2479 551 2540 st
568 2477 645 2540 esset
660 2479 833 2554 educatus3
867 2498 966 2561 quem
991 2484 1028 2539 tu
1053 2494 1199 2557 apuero
1213 2476 1259 2542 fic
1279 2480 1327 2544 io·

514 2566 683 2666 nituisses,
710 2601 748 2654 ut
768 2592 887 2667 nobili,
917 2611 958 2654 ne
973 2588 1145 2672 gladiatori
1164 2590 1325 2673 quidem,

515 2703 656 2769 cederet,
691 2702 774 2767 iicut
788 2712 825 2767 tu
848 2704 970 2786 semper
983 2703 1104 2767 summe
1125 2706 1325 2789 concupisti3

512 2815 600 2879 idern
620 2816 748 2880 volebat
773 2817 952 2899 Alphonus.
981 2836 1019 2881 ea
1041 2835 1076 2880 re
1097 2815 1157 2880 tibi
1182 2837 1260 2883 cum
1283 2842 1324 2888 eo

512 2947 571 3012 par
587 2930 754 2993 contentio
766 2938 846 2993 erat.
892 2931 1002 3004 Bruti,
1035 2929 1161 3011 inquit,
1184 2940 1259 2994 erat
1274 2936 1324 2997 fa·

512 3042 659 3108 miliario.
690 3043 803 3129 itaque
826 3045 855 3107 is
877 3042 1113 3109 intercedebat:
1145 3051 1182 3106 tu
1207 3054 1325 3110 contra

509 3156 677 3228 Burrieni,
701 3158 755 3238 qui
772 3157 924 3239 injuriam
936 3156 1146 3220 decernebatt
1169 3159 1321 3225 omniurn

404 3275 411 3291 ’
510 3270 649 3351 denique
670 3269 822 3345 illorum,
851 3272 908 3354 qui
936 3279 1006 3333 tum
1029 3268 1237 3352 &poterant
1260 3291 1323 3356 per

510 3382 577 3446 vim
590 3380 735 3446 &scelus
750 3384 935 3465 plurimum,
951 3382 997 3459 dr,
1012 3386 1097 3466 quod
1112 3391 1273 3465 poterant,
1285 3387 1321 3451 id

508 3494 681 3560 audebant.
734 3495 788 3559 An
809 3516 921 3561 omnes
938 3504 974 3560 tu
988 3495 1207 3561 istos‘vincero
1224 3499 1317 3563 vole·

506 3607 582 3683 bas,
605 3608 660 3690 qui
676 3628 778 3685 nunc,
808 3617 845 3677 tu
864 3618 903 3673 ut
918 3610 1045 3685 vincas,
1077 3618 1245 3692 tantopere
1264 3609 1317 3676 la·

502 3717 644 3787 borant?
671 3724 754 3792 aude
764 3723 799 3791 id
814 3722 936 3805 dicere,
958 3742 1025 3791 non
1041 3723 1163 3808 palam,
1185 3721 1239 3788 sed
1252 3721 1310 3791 bia
