3650 4350
608 433 887 508 acrrours
918 436 958 504 ιι
991 436 1094 506 urs.
1122 435 1153 506 1.
1219 455 1282 527 271

477 618 583 683 totius
598 613 682 680 Afiae
696 612 815 680 fuisse?
836 632 935 697 quern
947 608 1285 697 lustum&gemitum

480 726 808 815 Lampsacenorum?
830 725 934 790 securi
957 722 1020 790 esse
1040 726 1201 808 percussos
1225 732 1286 796 ho-

479 847 583 909 mines
597 843 804 915 innocentes,
819 839 963 917 nobiles,
981 837 1080 903 socios
1096 843 1209 924 populi
1218 842 1286 907 Ro-

479 957 569 1022 mani
583 967 682 1038 atque
695 955 833 1029 amiton,
848 961 979 1037 propter
991 949 1131 1032 hominia
1143 953 1287 1038 flagitio·

436 1077 438 1082 '
478 1069 584 1136 fiffirui
601 1068 792 1151 singularem
810 1065 993 1147 nequitiam
1007 1073 1106 1148 atque
1119 1065 1285 1151 improbis..

477 1185 591 1249 simam
607 1181 831 1265 cupiditatem.
853 1180 926 1253 Jam
939 1178 1022 1261 jam,
1033 1178 1214 1258 Dolabella,
1224 1204 1281 1253 ne·
1295 1211 1315 1269 7¹

479 1299 546 1382 qde
557 1296 687 1371 metui,
706 1312 815 1375 neque
828 1301 961 1355 tuorum
975 1291 1109 1355 liberilm
1118 1337 1129 1370 ,
1147 1312 1230 1377 quoa
1246 1309 1285 1362 tu

480 1410 612 1479 miseros
632 1409 668 1472 in
688 1405 829 1489 egestate
849 1411 950 1489 atque
970 1405 1005 1468 in
1021 1404 1192 1471 solitudine
1211 1411 1287 1473 reli·

480 1521 600 1610 quilii,
629 1520 771 1586 misereri
789 1517 904 1604 potest.
926 1514 1105 1590 ‚Verresne
1123 1521 1183 1585 tibi
1203 1523 1288 1587 tanti

478 1638 559 1713 suit,
569 1644 608 1700 ut
619 1634 691 1717 ejus
706 1633 874 1697 libidinem
883 1633 1053 1699 hominum
1065 1633 1288 1703 innocentium

480 1749 636 1833 sanguine
649 1747 697 1811 lui
712 1744 837 1810 velles?
857 1744 1028 1812 Idcircone
1044 1752 1223 1817 exercitum
1237 1763 1288 1816 at·

480 1883 548 1948 que
561 1860 684 1928 bostem
701 1857 925 1942 relinquebas,
940 1867 978 1921 ut
992 1866 1050 1923 tua
1067 1861 1100 1923 vi
1116 1861 1151 1926 dr
1171 1868 1287 1928 crude·

479 1979 574 2045 litate
601 1974 690 2039 istius
725 1971 865 2040 bominis
892 1965 1114 2054 improbiilimi
1142 1976 1287 2057 pericula

480 2086 695 2157 sublevares?
726 2084 827 2161 Quod
841 2081 929 2148 enirn
949 2103 1023 2152 eum
1041 2081 1102 2147 tibi
1119 2085 1286 2170 quaestoris

477 2208 516 2271 in
535 2205 648 2271 locum
666 2198 897 2281 constitueras,
921 2197 1042 2263 idcirco
1061 2196 1123 2264 tibi
1146 2201 1287 2268 amicum

481 2320 517 2384 in
530 2324 724 2402 perpetuum
739 2316 808 2379 sore
820 2311 962 2397 putasti?
984 2309 1173 2391 Nesciebas,
1191 2315 1230 2382 ab
1245 2338 1287 2381 eo

482 2432 542 2498 Cn.
552 2431 730 2497 Carbonem
745 2428 926 2503 consulem,
947 2425 1040 2510 cujus
1056 2444 1182 2493 revera
1196 2450 1287 2514 quae·

482 2546 546 2611 sior
563 2545 643 2618 suit,
662 2560 725 2603 non
742 2537 1023 2625 modorelistunr,
1038 2537 1090 2604 sed
1106 2541 1205 2605 etiam
1217 2542 1288 2626 spo,-

482 2661 597 2725 liatum
612 2654 760 2730 auxiliis,
771 2653 924 2736 pecunia,
936 2652 1058 2719 nefarie
1067 2663 1288 2738 oppugnatum

484 2771 520 2834 dr
540 2765 732 2852 proditum?
755 2767 919 2851 Expertus
935 2766 1037 2850 igitur
1052 2787 1088 2831 es
1104 2763 1196 2835 iilius
1211 2787 1290 2854 per.

484 2881 597 2947 fidiam
611 2891 700 2958 tum,
719 2900 792 2944 cum
808 2880 839 2944 se
853 2882 895 2945 ad
911 2879 1062 2947 inimicos
1080 2886 1155 2946 tuos
1172 2893 1289 2949 contu·

483 2999 542 3063 sit:
570 3015 645 3063 cum
661 2998 696 3060 in
713 3002 746 3059 te
762 2994 859 3058 homo
871 2990 944 3077 ,ipse
958 3009 1081 3058 nocens
1095 2996 1291 3064 acerrimum

485 3109 702 3179 testinnonium
712 3108 812 3174 dixit:
827 3125 902 3172 oum
918 3104 1060 3172 rationes
1074 3107 1116 3173 ad
1125 3109 1290 3190 aerarium,

483 3224 543 3292 uisi
555 3228 707 3290 damnato
717 3231 769 3302 te,
779 3219 891 3288 referri
902 3219 1019 3287 noluit.
1040 3217 1317 3305 Tantaenetuae,2

486 3338 627 3412 Verres,
640 3315 790 3401 libidines
803 3343 922 3414 erunt,
937 3341 978 3400 ut
990 3354 1046 3400 eas
1056 3353 1171 3419 capere
1185 3354 1225 3400 ae
1237 3317 1317 3404 sul

486 3448 603 3514 stinere
620 3465 687 3513 non
710 3446 887 3532 provinciae
906 3447 1019 3533 populi
1039 3447 1199 3528 Romani,
1223 3470 1292 3515 non

485 3559 768 3641 nationererterae
775 3558 916 3658 posint?
937 3557 1052 3654 Tune,
1061 3565 1147 3650 quod
1162 3565 1291 3653 videris,
