3650 4350
747 457 969 530 ACTIO
1014 461 1105 532 1..
1232 481 1296 543 199

489 637 606 714 ltaque
627 655 700 697 cunr
723 655 782 715 ego
805 635 888 698 diem
913 634 946 698 in
976 631 1087 696 Sicilia
1109 632 1317 715 inquirendis

491 749 698 829 perexiguam
721 746 951 828 postulavisiem
969 793 978 821 ‚
999 746 1124 811 invenit
1142 745 1217 822 iiie,
1236 748 1293 830 qui

492 862 549 923 fibi
565 862 598 922 in
608 859 763 941 achajam
780 859 875 923 biduo
891 860 1071 923 breviorem
1085 859 1169 922 diem
1185 858 1293 941 pollu-

491 975 574 1035 laret
590 995 598 1035 ι
614 993 677 1035 non
690 982 727 1037 ut
742 974 769 1036 is
784 973 868 1035 idem
886 971 1060 1035 conficeret
1076 969 1293 1053 diligentia&

489 1085 641 1147 industria
656 1086 730 1161 sua,
758 1086 845 1167 quod
859 1105 919 1166 ego
941 1105 1013 1147 meo
1033 1083 1192 1151 labore&
1209 1084 1292 1166 vigi·

489 1200 547 1260 liis¹
567 1173 754 1261 consecutus
775 1198 853 1260 sum.
897 1196 1026 1260 Etenim
1050 1196 1104 1259 ille
1127 1195 1288 1276 Achaicus

486 1308 678 1396 inquisitor,
703 1330 744 1373 ne
760 1308 962 1375 Brundisium
979 1311 1106 1392 quidem
1123 1307 1288 1395 pervenit;

486 1445 547 1503 ego
570 1417 710 1487 Siciliam
736 1430 837 1486 totam
864 1424 1095 1507 quinquaginta
1116 1424 1227 1487 diebus
1245 1419 1289 1485 fic

487 1537 572 1613 obii,
591 1544 631 1602 ut
650 1536 793 1601 omnium
804 1537 1002 1619 populorum
1025 1536 1288 1619 privatorumque

482 1651 607 1713 litteras
628 1648 827 1731 injuriasque
847 1652 1090 1730 cognoscerem:
1112 1657 1151 1713 ut
1169 1650 1286 1736 perspi·
1356 1663 1360 1670 ·

486 1782 582 1824 cuum
592 1761 694 1824 cuivis
705 1760 767 1824 esse
776 1760 895 1843 poli'et,
909 1762 1071 1838 hominem
1081 1764 1119 1825 ab
1129 1761 1185 1825 isto
1196 1782 1286 1845 quae·

482 1873 578 1936 situm
599 1871 686 1945 else.
714 1892 778 1935 non
793 1874 851 1956 qui
866 1893 957 1936 reum
982 1875 1070 1936 suurn
1093 1875 1282 1950 adduceret,

483 1988 536 2049 sed
551 1985 607 2067 qui
622 2005 729 2048 meum
745 1992 870 2067 tempus
884 1964 1053 2048 obfideret.
1079 1984 1172 2047 Nunc
1186 1986 1319 2074 h0m03

484 2095 705 2160 audacissimus
725 2106 821 2179 atque
839 2094 1066 2159 amentisfimus
1080 2098 1141 2163 hoc
1153 2085 1309 2177 cogitat]

483 2212 665 2291 iutelligit,
690 2231 743 2273 rne
764 2212 809 2273 ita
824 2219 973 2293 paratum
986 2218 1082 2292 atque
1097 2208 1284 2274 instruiium
1348 2238 1375 2301 .⁸.

481 2324 513 2384 in
528 2323 683 2404 judicium
700 2323 827 2395 venire,
849 2331 886 2386 ut
904 2344 969 2387 non
987 2324 1082 2386 modo
1097 2322 1129 2385 in
1149 2316 1317 2388 auribnO.

482 2435 612 2510 vestris,
629 2435 679 2498 sed
695 2437 727 2498 in
738 2436 837 2499 oculis
852 2435 1014 2512 omnium,
1027 2437 1079 2499 sua
1089 2437 1175 2500 furta
1185 2444 1283 2520 atque

479 2549 608 2630 flagitia
620 2545 781 2612 defixurus
796 2548 863 2613 srrn.
889 2547 1007 2625 Videt,
1021 2549 1180 2623 senatores
1198 2549 1284 2613 mul·

481 2673 533 2724 tos
557 2659 619 2753 esse
642 2660 736 2725 testes
760 2663 902 2725 audaciae
928 2661 1017 2725 suae:
1050 2663 1138 2726 videt
1163 2662 1282 2727 multos

483 2776 609 2855 equites
625 2774 787 2837 Romanos
796 2820 807 2851 ‚
826 2776 1010 2859 frequentes
1025 2783 1179 2856 praeterea
1194 2776 1281 2841 cives

481 2896 580 2966 atque
592 2886 709 2963 socios,
726 2877 844 2969 quibus
861 2886 926 2970 ipse
939 2886 1073 2969 insignes
1086 2888 1220 2969 injurias
1231 2890 1282 2953 ie·

481 2997 574 3060 cerit.
607 2991 705 3064 Videt
725 3001 824 3064 etiam
845 3006 895 3064 tot
908 3019 1023 3082 graves
1037 3001 1076 3064 ab
1089 2997 1280 3065 amicissimis

481 3110 666 3175 civitatibus
687 3113 863 3194 legationes
886 3133 962 3175 cum
985 3113 1119 3195 publicis
1140 3111 1280 3176 austori-

479 3223 601 3285 tatibus
622 3242 659 3287 ac
676 3223 862 3290 testimoniis
878 3224 1076 3290 convenisses
1101 3226 1186 3301 Quae
1204 3238 1305 3293 cums

478 3336 524 3398 ita
548 3334 626 3413 ssot,
650 3338 747 3420 usque
774 3359 814 3403 eo
839 3340 878 3403 de
904 3339 1053 3404 omnibus
1078 3339 1170 3419 bonis
1193 3337 1279 3401 male

479 3448 655 3527 existiman
677 3450 776 3533 usque
789 3472 829 3516 eo
843 3452 1000 3516 senatoria
1012 3451 1135 3534 judicia
1152 3450 1280 3533 perdita

479 3562 710 3651 profligataque
733 3562 795 3632 esse
817 3565 1014 3640 arbitratur,
1040 3549 1156 3643 ut'lloc
1173 3562 1278 3647 palam

945 3714 948 3719 .
1022 3673 1054 3741 N
1078 3696 1101 3759 4
1324 3676 1330 3695 ,.
