3650 4350
533 496 602 562 too
783 475 1093 553 ORATOR:

538 660 629 726 ribus
650 674 751 722 unum
769 654 956 741 selegimus,
980 658 1058 735 hoe,
1081 652 1354 741 quadricornis

538 774 673 855 loroque
689 769 848 849 versatur,
872 773 912 836 de
927 791 991 854 quo
1007 771 1202 836 diceremus.

604 885 692 966 Ergo
705 884 738 947 in
753 884 837 961 aliis,
859 882 961 960 idest,
982 885 1016 947 in
1030 883 1170 959 historia,
1195 882 1281 949 &in
1296 906 1353 965 eo,

479 1067 482 1074 ,
541 998 627 1084 quod
652 997 849 1081 appellamus
869 994 1082 1075 ἐπιδεικτικὸν,
1109 997 1216 1082 placet
1233 998 1353 1063 omnia

541 1111 606 1178 elici
634 1111 793 1177 Isocrateo
821 1108 1117 1194 Theopompeoque
1143 1129 1258 1187 more,
1292 1111 1355 1177 illa

540 1223 831 1305 circumscriptione
844 1223 1052 1306 ambituque,
1073 1230 1113 1287 ut
1126 1231 1296 1305 tamquam
1315 1224 1352 1288 in

542 1342 620 1402 orbe
637 1334 885 1433 inclusacurret
905 1338 1031 1413 oratio,
1049 1338 1156 1419 quoad
1171 1334 1298 1399 insistat
1315 1336 1353 1402 in

473 1450 525 1506 ²⁰8
542 1448 676 1542 lingulis
691 1445 841 1532 persestis
854 1448 1065 1532 absolutisque
1080 1448 1255 1513 sententiis.
1281 1450 1355 1513 Ita·

543 1582 611 1649 que
625 1561 827 1646 posteaquam
844 1560 888 1625 est
903 1569 977 1625 nato
990 1562 1062 1626 haec
1076 1563 1129 1627 vel
1148 1560 1355 1626 circumscri-

541 1678 628 1763 ptio,
650 1676 702 1740 vel
719 1672 968 1755 comprehensio,
993 1676 1045 1741 vel
1058 1674 1272 1750 contiuuatio,
1298 1675 1354 1740 vel

543 1790 703 1864 ambitus,
725 1783 747 1849 fi
768 1788 814 1849 ito
832 1788 907 1851 licet
928 1787 1052 1863 dicerer
1074 1808 1187 1864 nemo,
1209 1788 1269 1869 qui
1287 1787 1354 1853 ali-

449 1898 455 1907 '
542 1923 608 1990 quo
623 1900 700 1967 effet
716 1900 750 1964 in
766 1919 919 1978 numero,
947 1899 1065 1983 scripsit
1087 1903 1265 1966 orationem
1293 1921 1354 1983 ge·

541 2018 630 2086 neris
640 2015 723 2101 ejus,
745 2015 832 2097 quod
850 2011 927 2079 effet
942 2015 979 2079 ad
993 2013 1239 2085 delettotionem
1257 2032 1353 2077 com-

541 2139 712 2219 paratum,
735 2137 961 2212 remotumque
983 2146 1002 2193 a
1018 2128 1151 2212 judiciis
1168 2124 1354 2210 forensique

542 2247 730 2319 certamine,
753 2244 830 2326 quin
846 2244 1005 2325 redigeret
1016 2264 1128 2308 omnes
1141 2244 1208 2308 sete
1221 2241 1255 2304 in
1266 2260 1353 2323 qus·

490 2386 496 2393 ’
542 2361 638 2426 drurn
653 2373 891 2436 numerumque
906 2356 1090 2420 sententias.
1128 2355 1211 2421 Nam
1229 2372 1305 2418 cum
1319 2354 1361 2421 is·

458 2450 464 2460 s
542 2471 588 2534 eit
608 2469 758 2541 auditor,
783 2465 918 2547 quinon
942 2468 1110 2548 vereatur,
1133 2489 1175 2533 ne
1192 2465 1352 2549 composs-

542 2588 588 2645 te
601 2577 755 2644 orationis
770 2576 890 2642 insidiis
901 2577 956 2643 suo
968 2578 1047 2646 fides
1063 2588 1252 2659 attentetur,
1274 2599 1351 2662 gru·

470 2696 474 2704 '
515 2718 518 2723 ·
545 2694 624 2758 tiam
639 2712 765 2776 quoque
781 2693 878 2757 habet
890 2676 1024 2772 oratori,
1047 2694 1206 2779 voluptati
1218 2694 1351 2759 aurium

475 2785 535 2877 62
547 2805 706 2870 servienti.
753 2805 861 2872 Genu·
876 2815 984 2871 autern
999 2809 1059 2871 hoc
1076 2807 1228 2873 ontionis
1242 2826 1350 2890 neque

476 2907 529 2963 ⁰⁰⁹
545 2928 653 2983 totum
680 2915 896 3007 assumendum
920 2919 965 2984 eii
991 2923 1031 2986 rd
1056 2921 1164 2986 causas
1189 2919 1352 2998 forenses,

545 3052 653 3117 neque
670 3035 801 3096 omuino
822 3033 1072 3115 repudiandum.
1115 3032 1149 3097 81
1165 3033 1254 3096 enirn
1268 3030 1352 3096 sem·
1379 3023 1397 3054 ⁸

545 3166 605 3234 per
621 3148 723 3222 utare,
746 3165 820 3209 cum
838 3139 1014 3211 satietrltem
1031 3143 1135 3223 affert,
1156 3152 1240 3221 turn,
1257 3145 1352 3226 quale

437 3248 447 3263 ’
544 3259 595 3338 fit,
618 3262 717 3325 etiam
733 3260 772 3323 ab
789 3258 949 3342 imperitis
965 3258 1155 3340 agnoscitur.
1199 3257 1352 3322 Detrahit

543 3382 701 3459 praeterea
716 3368 852 3435 astionis
866 3372 1031 3448 dolorem,
1054 3372 1158 3437 aufert
1170 3371 1352 3436 humanum

542 3486 667 3552 sensnm
686 3481 822 3558 astoris,
845 3484 932 3545 tollit
951 3483 1106 3549 funditus
1124 3484 1293 3549 veritatem
1313 3479 1353 3551 δε

540 3596 655 3667 soem
697 3596 759 3670 se..
770 3596 959 3685 ,quonism
984 3596 1165 3666 adhibendo
1185 3614 1360 3662 nonnum·
