<?xml version="1.0" encoding="UTF-8"?>
<!DOCTYPE html PUBLIC "-//W3C//DTD XHTML 1.0 Transitional//EN"
    "http://www.w3.org/TR/xhtml1/DTD/xhtml1-transitional.dtd">
<html xmlns="http://www.w3.org/1999/xhtml" xml:lang="en" lang="en">
 <head>
  <title>
</title>
<meta http-equiv="Content-Type" content="text/html;charset=utf-8" />
  <meta name='ocr-system' content='tesseract 3.04.00' />
  <meta name='ocr-capabilities' content='ocr_page ocr_carea ocr_par ocr_line ocrx_word'/>
</head>
<body>
  <div class='ocr_page' id='page_1' title='image "./mtvlliiciceroni02cicegoog_0043.png"; bbox 0 0 3650 4350; ppageno 0'>
   <div class='ocr_carea' id='block_1_1' title="bbox 558 386 1121 474">
    <p class='ocr_par' dir='ltr' id='par_1_1' title="bbox 558 386 1121 474">
     <span class='ocr_line' id='line_1_1' title="bbox 558 386 1121 474; baseline -0.002 -15"><span class='ocrx_word' id='word_1_1' title='bbox 558 396 610 474; x_wconf 66' lang='grc' dir='ltr'><strong>μ</strong></span> <span class='ocrx_word' id='word_1_2' title='bbox 817 386 1121 458; x_wconf 52' lang='lat' dir='ltr'>ORATOR</span> 
     </span>
    </p>
   </div>
   <div class='ocr_carea' id='block_1_2' title="bbox 451 561 1426 3484">
    <p class='ocr_par' dir='ltr' id='par_1_2' title="bbox 565 561 1378 658">
     <span class='ocr_line' id='line_1_2' title="bbox 565 561 1378 658; baseline 0.005 -32"><span class='ocrx_word' id='word_1_3' title='bbox 565 561 749 658; x_wconf 78' lang='lat' dir='ltr'>quidem</span> <span class='ocrx_word' id='word_1_4' title='bbox 725 561 769 627; x_wconf 85' lang='lat' dir='ltr'>est</span> <span class='ocrx_word' id='word_1_5' title='bbox 799 583 939 644; x_wconf 81' lang='lat' dir='ltr'>eorum,</span> <span class='ocrx_word' id='word_1_6' title='bbox 967 582 1128 652; x_wconf 79' lang='lat' dir='ltr'>gemmare</span> <span class='ocrx_word' id='word_1_7' title='bbox 1155 565 1267 640; x_wconf 78' lang='lat' dir='ltr'>vites,</span> <span class='ocrx_word' id='word_1_8' title='bbox 1288 564 1378 653; x_wconf 71' lang='lat' dir='ltr'>filie!</span> 
     </span>
    </p>

    <p class='ocr_par' dir='ltr' id='par_1_3' title="bbox 451 671 1416 876">
     <span class='ocr_line' id='line_1_3' title="bbox 451 671 1416 764; baseline 0.004 -26"><span class='ocrx_word' id='word_1_9' title='bbox 451 687 456 700; x_wconf 85' lang='grc'>·</span> <span class='ocrx_word' id='word_1_10' title='bbox 567 695 680 759; x_wconf 80' lang='lat' dir='ltr'>agros,</span> <span class='ocrx_word' id='word_1_11' title='bbox 700 677 799 741; x_wconf 76' lang='lat' dir='ltr'>iactos</span> <span class='ocrx_word' id='word_1_12' title='bbox 808 671 860 764; x_wconf 83' lang='lat' dir='ltr'>effe</span> <span class='ocrx_word' id='word_1_13' title='bbox 861 675 998 762; x_wconf 80' lang='lat' dir='ltr'>segetes</span> <span class='ocrx_word' id='word_1_14' title='bbox 1019 675 1185 762; x_wconf 75' lang='lat' dir='ltr'>luxurrosa</span> <span class='ocrx_word' id='word_1_15' title='bbox 1190 677 1378 763; x_wconf 74' lang='lat' dir='ltr'>frumento.</span> <span class='ocrx_word' id='word_1_16' title='bbox 1412 685 1416 694; x_wconf 91' lang='lat'>&#39;</span> 
     </span>
     <span class='ocr_line' id='line_1_4' title="bbox 521 775 1381 876; baseline 0.01 -28"><span class='ocrx_word' id='word_1_17' title='bbox 521 789 560 848; x_wconf 71' lang='lat'>³2</span> <span class='ocrx_word' id='word_1_18' title='bbox 572 788 661 854; x_wconf 86' lang='lat' dir='ltr'>Nihil</span> <span class='ocrx_word' id='word_1_19' title='bbox 674 788 791 854; x_wconf 83' lang='lat' dir='ltr'>horum</span> <span class='ocrx_word' id='word_1_20' title='bbox 807 775 921 876; x_wconf 76' lang='lat' dir='ltr'>parri&#39;m</span> <span class='ocrx_word' id='word_1_21' title='bbox 936 789 1106 869; x_wconf 62' lang='lat' dir='ltr'>andasta,</span> <span class='ocrx_word' id='word_1_22' title='bbox 1127 790 1181 858; x_wconf 83' lang='lat' dir='ltr'>sed</span> <span class='ocrx_word' id='word_1_23' title='bbox 1197 799 1262 856; x_wconf 85' lang='lat' dir='ltr'>aut</span> <span class='ocrx_word' id='word_1_24' title='bbox 1276 789 1381 857; x_wconf 78' lang='lat' dir='ltr'>limile</span> 
     </span>
    </p>

    <p class='ocr_par' dir='ltr' id='par_1_4' title="bbox 506 900 1418 3370">
     <span class='ocr_line' id='line_1_5' title="bbox 568 900 1418 982; baseline -0.001 -14"><span class='ocrx_word' id='word_1_25' title='bbox 568 900 614 968; x_wconf 82' lang='lat' dir='ltr'>est</span> <span class='ocrx_word' id='word_1_26' title='bbox 632 902 701 982; x_wconf 88' lang='lat' dir='ltr'>illi,</span> <span class='ocrx_word' id='word_1_27' title='bbox 729 905 815 969; x_wconf 77' lang='lat' dir='ltr'>unde</span> <span class='ocrx_word' id='word_1_28' title='bbox 836 906 1033 972; x_wconf 68' lang='lat' dir='ltr'>transferas.</span> <span class='ocrx_word' id='word_1_29' title='bbox 1062 912 1140 981; x_wconf 81' lang='lat' dir='ltr'>ant,</span> <span class='ocrx_word' id='word_1_30' title='bbox 1161 900 1263 971; x_wconf 80' lang='lat' dir='ltr'>finer</span> <span class='ocrx_word' id='word_1_31' title='bbox 1285 905 1380 970; x_wconf 82' lang='lat' dir='ltr'>suurn</span> <span class='ocrx_word' id='word_1_32' title='bbox 1415 948 1418 954; x_wconf 72' lang='lat'><em>—</em></span> 
     </span>
     <span class='ocr_line' id='line_1_6' title="bbox 567 1014 1384 1097; baseline -0.002 -14"><span class='ocrx_word' id='word_1_33' title='bbox 567 1015 695 1083; x_wconf 85' lang='lat' dir='ltr'>nullum</span> <span class='ocrx_word' id='word_1_34' title='bbox 711 1017 808 1086; x_wconf 89' lang='lat' dir='ltr'>habet</span> <span class='ocrx_word' id='word_1_35' title='bbox 822 1037 954 1097; x_wconf 87' lang='lat' dir='ltr'>nomeu,</span> <span class='ocrx_word' id='word_1_36' title='bbox 971 1017 1106 1084; x_wconf 81' lang='lat' dir='ltr'>docendi</span> <span class='ocrx_word' id='word_1_37' title='bbox 1118 1016 1211 1084; x_wconf 84' lang='lat' dir='ltr'>causa</span> <span class='ocrx_word' id='word_1_38' title='bbox 1222 1014 1384 1096; x_wconf 82' lang='lat' dir='ltr'>sumtum,</span> 
     </span>
     <span class='ocr_line' id='line_1_7' title="bbox 568 1129 1386 1209; baseline 0.001 -14"><span class='ocrx_word' id='word_1_39' title='bbox 568 1148 636 1195; x_wconf 91' lang='lat' dir='ltr'>non</span> <span class='ocrx_word' id='word_1_40' title='bbox 647 1129 794 1209; x_wconf 88' lang='lat' dir='ltr'>ludendi</span> <span class='ocrx_word' id='word_1_41' title='bbox 818 1132 959 1198; x_wconf 86' lang='lat' dir='ltr'>videtur.</span> <span class='ocrx_word' id='word_1_42' title='bbox 1004 1131 1078 1198; x_wconf 87' lang='lat' dir='ltr'>Hoc</span> <span class='ocrx_word' id='word_1_43' title='bbox 1091 1141 1290 1197; x_wconf 80' lang='lat' dir='ltr'>ornamento</span> <span class='ocrx_word' id='word_1_44' title='bbox 1302 1132 1386 1198; x_wconf 79' lang='lat' dir='ltr'>inbe-</span> 
     </span>
     <span class='ocr_line' id='line_1_8' title="bbox 570 1243 1387 1329; baseline 0.005 -23"><span class='ocrx_word' id='word_1_45' title='bbox 570 1243 639 1306; x_wconf 83' lang='lat' dir='ltr'>riuo</span> <span class='ocrx_word' id='word_1_46' title='bbox 658 1243 786 1327; x_wconf 84' lang='lat' dir='ltr'>paullo,</span> <span class='ocrx_word' id='word_1_47' title='bbox 810 1264 908 1329; x_wconf 83' lang='lat' dir='ltr'>quam</span> <span class='ocrx_word' id='word_1_48' title='bbox 928 1247 1062 1325; x_wconf 82' lang='lat' dir='ltr'>oeterie,</span> <span class='ocrx_word' id='word_1_49' title='bbox 1083 1252 1195 1312; x_wconf 83' lang='lat' dir='ltr'>utetur</span> <span class='ocrx_word' id='word_1_50' title='bbox 1214 1244 1273 1310; x_wconf 84' lang='lat' dir='ltr'>hio</span> <span class='ocrx_word' id='word_1_51' title='bbox 1296 1244 1387 1310; x_wconf 80' lang='lat' dir='ltr'>san·</span> 
     </span>
     <span class='ocr_line' id='line_1_9' title="bbox 572 1327 1387 1444; baseline 0.005 -25"><span class='ocrx_word' id='word_1_52' title='bbox 572 1333 700 1422; x_wconf 84' lang='lat' dir='ltr'>nniffur:</span> <span class='ocrx_word' id='word_1_53' title='bbox 722 1366 864 1425; x_wconf 79' lang='lat' dir='ltr'>nectam</span> <span class='ocrx_word' id='word_1_54' title='bbox 876 1360 1011 1425; x_wconf 76' lang='lat' dir='ltr'>licenter</span> <span class='ocrx_word' id='word_1_55' title='bbox 1024 1369 1155 1437; x_wconf 79' lang='lat' dir='ltr'>tamen,</span> <span class='ocrx_word' id='word_1_56' title='bbox 1174 1327 1387 1444; x_wconf 73' lang='lat' dir='ltr'>quamfige·</span> 
     </span>
     <span class='ocr_line' id='line_1_10' title="bbox 506 1469 1391 1562; baseline 0.008 -29"><span class='ocrx_word' id='word_1_57' title='bbox 506 1471 563 1562; x_wconf 69' lang='lat'>25</span> <span class='ocrx_word' id='word_1_58' title='bbox 576 1489 653 1536; x_wconf 83' lang='lat' dir='ltr'>nere</span> <span class='ocrx_word' id='word_1_59' title='bbox 682 1472 809 1537; x_wconf 79' lang='lat' dir='ltr'>dicendi</span> <span class='ocrx_word' id='word_1_60' title='bbox 835 1480 988 1538; x_wconf 84' lang='lat' dir='ltr'>uteretur</span> <span class='ocrx_word' id='word_1_61' title='bbox 1011 1469 1209 1558; x_wconf 81' lang='lat' dir='ltr'>amplissimo.</span> <span class='ocrx_word' id='word_1_62' title='bbox 1262 1471 1391 1556; x_wconf 74' lang='lat' dir='ltr'>Inque</span> 
     </span>
     <span class='ocr_line' id='line_1_11' title="bbox 571 1581 1391 1672; baseline 0.004 -25"><span class='ocrx_word' id='word_1_63' title='bbox 571 1581 654 1647; x_wconf 88' lang='lat' dir='ltr'>illud</span> <span class='ocrx_word' id='word_1_64' title='bbox 674 1584 859 1656; x_wconf 82' lang='lat' dir='ltr'>indecorum</span> <span class='ocrx_word' id='word_1_65' title='bbox 880 1585 994 1672; x_wconf 85' lang='lat' dir='ltr'>(quod</span> <span class='ocrx_word' id='word_1_66' title='bbox 1010 1588 1105 1671; x_wconf 84' lang='lat' dir='ltr'>quale</span> <span class='ocrx_word' id='word_1_67' title='bbox 1120 1584 1178 1665; x_wconf 80' lang='lat' dir='ltr'>fit,</span> <span class='ocrx_word' id='word_1_68' title='bbox 1201 1606 1244 1651; x_wconf 81' lang='lat' dir='ltr'>ex</span> <span class='ocrx_word' id='word_1_69' title='bbox 1260 1586 1391 1650; x_wconf 83' lang='lat' dir='ltr'>decoro</span> 
     </span>
     <span class='ocr_line' id='line_1_12' title="bbox 572 1696 1390 1785; baseline 0.002 -24"><span class='ocrx_word' id='word_1_70' title='bbox 572 1696 670 1761; x_wconf 79' lang='lat' dir='ltr'>debet</span> <span class='ocrx_word' id='word_1_71' title='bbox 679 1696 834 1784; x_wconf 79' lang='lat' dir='ltr'>intelligi)</span> <span class='ocrx_word' id='word_1_72' title='bbox 850 1699 904 1763; x_wconf 84' lang='lat' dir='ltr'>hio</span> <span class='ocrx_word' id='word_1_73' title='bbox 918 1718 1044 1784; x_wconf 88' lang='lat' dir='ltr'>quoque</span> <span class='ocrx_word' id='word_1_74' title='bbox 1058 1707 1201 1785; x_wconf 84' lang='lat' dir='ltr'>apparet,</span> <span class='ocrx_word' id='word_1_75' title='bbox 1221 1717 1301 1763; x_wconf 80' lang='lat' dir='ltr'>ouon</span> <span class='ocrx_word' id='word_1_76' title='bbox 1309 1718 1390 1766; x_wconf 85' lang='lat' dir='ltr'>ver·</span> 
     </span>
     <span class='ocr_line' id='line_1_13' title="bbox 573 1808 1391 1898; baseline 0.001 -21"><span class='ocrx_word' id='word_1_77' title='bbox 573 1808 651 1877; x_wconf 80' lang='lat' dir='ltr'>burn</span> <span class='ocrx_word' id='word_1_78' title='bbox 665 1810 798 1894; x_wconf 76' lang='lat' dir='ltr'>aliquod</span> <span class='ocrx_word' id='word_1_79' title='bbox 812 1811 910 1877; x_wconf 80' lang='lat' dir='ltr'>altior</span> <span class='ocrx_word' id='word_1_80' title='bbox 927 1813 1128 1891; x_wconf 78' lang='lat' dir='ltr'>transfertur,</span> <span class='ocrx_word' id='word_1_81' title='bbox 1149 1814 1248 1898; x_wconf 83' lang='lat' dir='ltr'>idque</span> <span class='ocrx_word' id='word_1_82' title='bbox 1259 1812 1297 1878; x_wconf 92' lang='lat' dir='ltr'>in</span> <span class='ocrx_word' id='word_1_83' title='bbox 1308 1831 1391 1878; x_wconf 69' lang='lat' dir='ltr'>om</span> 
     </span>
     <span class='ocr_line' id='line_1_14' title="bbox 573 1922 1393 2025; baseline 0.009 -39"><span class='ocrx_word' id='word_1_84' title='bbox 573 1922 664 1989; x_wconf 82' lang='lat' dir='ltr'>tione</span> <span class='ocrx_word' id='word_1_85' title='bbox 677 1923 794 1989; x_wconf 87' lang='lat' dir='ltr'>humili</span> <span class='ocrx_word' id='word_1_86' title='bbox 809 1923 958 2025; x_wconf 75' lang='lat' dir='ltr'>ponitur,</span> <span class='ocrx_word' id='word_1_87' title='bbox 981 1929 1069 2011; x_wconf 86' lang='lat' dir='ltr'>quod</span> <span class='ocrx_word' id='word_1_88' title='bbox 1090 1927 1177 1993; x_wconf 89' lang='lat' dir='ltr'>idem</span> <span class='ocrx_word' id='word_1_89' title='bbox 1189 1925 1226 1990; x_wconf 85' lang='lat' dir='ltr'>in</span> <span class='ocrx_word' id='word_1_90' title='bbox 1241 1925 1308 1990; x_wconf 79' lang='lat' dir='ltr'>alio</span> <span class='ocrx_word' id='word_1_91' title='bbox 1330 1927 1393 1993; x_wconf 82' lang='lat' dir='ltr'>do-</span> 
     </span>
     <span class='ocr_line' id='line_1_15' title="bbox 531 2030 1391 2122; baseline 0 -19"><span class='ocrx_word' id='word_1_92' title='bbox 531 2030 568 2095; x_wconf 73' lang='lat'>⁸³</span> <span class='ocrx_word' id='word_1_93' title='bbox 578 2042 675 2104; x_wconf 85' lang='lat' dir='ltr'>reret</span> <span class='ocrx_word' id='word_1_94' title='bbox 719 2038 815 2105; x_wconf 87' lang='lat' dir='ltr'>Illam</span> <span class='ocrx_word' id='word_1_95' title='bbox 824 2047 933 2105; x_wconf 85' lang='lat' dir='ltr'>autem</span> <span class='ocrx_word' id='word_1_96' title='bbox 942 2040 1204 2117; x_wconf 80' lang='lat' dir='ltr'>concinnitatem</span> <span class='ocrx_word' id='word_1_97' title='bbox 1218 2056 1294 2122; x_wconf 85' lang='lat' dir='ltr'>quae</span> <span class='ocrx_word' id='word_1_98' title='bbox 1307 2058 1391 2106; x_wconf 82' lang='lat' dir='ltr'>ver·</span> 
     </span>
     <span class='ocr_line' id='line_1_16' title="bbox 575 2151 1392 2220; baseline -0.001 -1"><span class='ocrx_word' id='word_1_99' title='bbox 575 2152 692 2220; x_wconf 83' lang='lat' dir='ltr'>borum</span> <span class='ocrx_word' id='word_1_100' title='bbox 716 2153 963 2219; x_wconf 74' lang='lat' dir='ltr'>collocationem</span> <span class='ocrx_word' id='word_1_101' title='bbox 987 2152 1149 2219; x_wconf 86' lang='lat' dir='ltr'>illuminat</span> <span class='ocrx_word' id='word_1_102' title='bbox 1175 2151 1226 2218; x_wconf 81' lang='lat' dir='ltr'>hia</span> <span class='ocrx_word' id='word_1_103' title='bbox 1249 2151 1392 2218; x_wconf 83' lang='lat' dir='ltr'>lumini·</span> 
     </span>
     <span class='ocr_line' id='line_1_17' title="bbox 573 2262 1390 2374; baseline 0 -42"><span class='ocrx_word' id='word_1_104' title='bbox 573 2267 657 2343; x_wconf 82' lang='lat' dir='ltr'>bur,</span> <span class='ocrx_word' id='word_1_105' title='bbox 656 2286 756 2374; x_wconf 83' lang='lat' dir='ltr'>qoae</span> <span class='ocrx_word' id='word_1_106' title='bbox 775 2264 883 2329; x_wconf 83' lang='lat' dir='ltr'>Graeci</span> <span class='ocrx_word' id='word_1_107' title='bbox 895 2262 984 2347; x_wconf 86' lang='lat' dir='ltr'>qoaii</span> <span class='ocrx_word' id='word_1_108' title='bbox 998 2267 1125 2349; x_wconf 86' lang='lat' dir='ltr'>aliquos</span> <span class='ocrx_word' id='word_1_109' title='bbox 1140 2265 1247 2349; x_wconf 83' lang='lat' dir='ltr'>gelius</span> <span class='ocrx_word' id='word_1_110' title='bbox 1259 2267 1390 2332; x_wconf 83' lang='lat' dir='ltr'>oratio·</span> 
     </span>
     <span class='ocr_line' id='line_1_18' title="bbox 575 2341 1388 2462; baseline 0.004 -20"><span class='ocrx_word' id='word_1_111' title='bbox 575 2341 667 2455; x_wconf 59' lang='lat' dir='ltr'>fis,</span> <span class='ocrx_word' id='word_1_112' title='bbox 667 2376 815 2460; x_wconf 52' lang='lat' dir='ltr'>exercere</span> <span class='ocrx_word' id='word_1_113' title='bbox 829 2377 1003 2462; x_wconf 84' lang='lat' dir='ltr'>appellant,</span> <span class='ocrx_word' id='word_1_114' title='bbox 1027 2375 1131 2462; x_wconf 87' lang='lat' dir='ltr'>(quod</span> <span class='ocrx_word' id='word_1_115' title='bbox 1145 2378 1232 2445; x_wconf 77' lang='lat' dir='ltr'>idern</span> <span class='ocrx_word' id='word_1_116' title='bbox 1246 2380 1388 2446; x_wconf 83' lang='lat' dir='ltr'>verbnm</span> 
     </span>
     <span class='ocr_line' id='line_1_19' title="bbox 577 2488 1390 2558; baseline 0.004 -3"><span class='ocrx_word' id='word_1_117' title='bbox 577 2489 618 2555; x_wconf 83' lang='lat' dir='ltr'>ab</span> <span class='ocrx_word' id='word_1_118' title='bbox 626 2489 677 2553; x_wconf 83' lang='lat' dir='ltr'>hro</span> <span class='ocrx_word' id='word_1_119' title='bbox 685 2489 785 2553; x_wconf 76' lang='lat' dir='ltr'>etiam</span> <span class='ocrx_word' id='word_1_120' title='bbox 794 2488 1065 2557; x_wconf 75' lang='lat' dir='ltr'>rosententrarorn</span> <span class='ocrx_word' id='word_1_121' title='bbox 1075 2499 1265 2557; x_wconf 84' lang='lat' dir='ltr'>ornamenta</span> <span class='ocrx_word' id='word_1_122' title='bbox 1276 2499 1390 2558; x_wconf 66' lang='lat' dir='ltr'>trono</span> 
     </span>
     <span class='ocr_line' id='line_1_20' title="bbox 575 2601 1386 2689; baseline 0.005 -24"><span class='ocrx_word' id='word_1_123' title='bbox 575 2601 715 2686; x_wconf 55' lang='lat' dir='ltr'>tettan)</span> <span class='ocrx_word' id='word_1_124' title='bbox 730 2603 859 2669; x_wconf 83' lang='lat' dir='ltr'>adhibet</span> <span class='ocrx_word' id='word_1_125' title='bbox 874 2604 1004 2689; x_wconf 85' lang='lat' dir='ltr'>quidem</span> <span class='ocrx_word' id='word_1_126' title='bbox 1017 2605 1070 2669; x_wconf 86' lang='lat' dir='ltr'>hir</span> <span class='ocrx_word' id='word_1_127' title='bbox 1086 2605 1225 2684; x_wconf 77' lang='lat' dir='ltr'>subtilis,</span> <span class='ocrx_word' id='word_1_128' title='bbox 1249 2601 1386 2689; x_wconf 83' lang='lat' dir='ltr'>(quem,</span> 
     </span>
     <span class='ocr_line' id='line_1_21' title="bbox 579 2712 1394 2803; baseline -0.004 -21"><span class='ocrx_word' id='word_1_129' title='bbox 579 2712 639 2782; x_wconf 88' lang='lat' dir='ltr'>niii</span> <span class='ocrx_word' id='word_1_130' title='bbox 665 2716 751 2800; x_wconf 88' lang='lat' dir='ltr'>quod</span> <span class='ocrx_word' id='word_1_131' title='bbox 776 2715 876 2782; x_wconf 85' lang='lat' dir='ltr'>solum</span> <span class='ocrx_word' id='word_1_132' title='bbox 888 2763 900 2796; x_wconf 89' lang='lat'><em>‚</em></span> <span class='ocrx_word' id='word_1_133' title='bbox 931 2718 1118 2803; x_wconf 81' lang='lat' dir='ltr'>ceteroquin</span> <span class='ocrx_word' id='word_1_134' title='bbox 1140 2717 1227 2783; x_wconf 77' lang='lat' dir='ltr'>nette</span> <span class='ocrx_word' id='word_1_135' title='bbox 1248 2719 1394 2802; x_wconf 79' lang='lat' dir='ltr'>quidam.</span> 
     </span>
     <span class='ocr_line' id='line_1_22' title="bbox 535 2829 1386 2925; baseline 0.002 -31"><span class='ocrx_word' id='word_1_136' title='bbox 535 2830 538 2837; x_wconf 79' lang='grc'><strong>’</strong></span> <span class='ocrx_word' id='word_1_137' title='bbox 576 2837 694 2894; x_wconf 84' lang='lat' dir='ltr'>vocant</span> <span class='ocrx_word' id='word_1_138' title='bbox 711 2829 892 2918; x_wconf 62' lang='lat' dir='ltr'>Atticum)</span> <span class='ocrx_word' id='word_1_139' title='bbox 905 2832 959 2896; x_wconf 86' lang='lat' dir='ltr'>sed</span> <span class='ocrx_word' id='word_1_140' title='bbox 973 2832 1082 2916; x_wconf 88' lang='lat' dir='ltr'>paullo</span> <span class='ocrx_word' id='word_1_141' title='bbox 1094 2832 1236 2917; x_wconf 84' lang='lat' dir='ltr'>parcius.</span> <span class='ocrx_word' id='word_1_142' title='bbox 1281 2830 1386 2925; x_wconf 62' lang='lat' dir='ltr'>Nam,</span> 
     </span>
     <span class='ocr_line' id='line_1_23' title="bbox 575 2940 1388 3031; baseline 0.004 -24"><span class='ocrx_word' id='word_1_143' title='bbox 575 2940 659 3007; x_wconf 81' lang='lat' dir='ltr'>ficut</span> <span class='ocrx_word' id='word_1_144' title='bbox 672 2943 707 3007; x_wconf 87' lang='lat' dir='ltr'>in</span> <span class='ocrx_word' id='word_1_145' title='bbox 720 2943 890 3028; x_wconf 83' lang='lat' dir='ltr'>epularum</span> <span class='ocrx_word' id='word_1_146' title='bbox 908 2953 1082 3030; x_wconf 84' lang='lat' dir='ltr'>apparatu,</span> <span class='ocrx_word' id='word_1_147' title='bbox 1106 2963 1126 3010; x_wconf 84' lang='lat' dir='ltr'>a</span> <span class='ocrx_word' id='word_1_148' title='bbox 1143 2943 1388 3031; x_wconf 80' lang='lat' dir='ltr'>magnificentia</span> 
     </span>
     <span class='ocr_line' id='line_1_24' title="bbox 577 3057 1396 3144; baseline 0.002 -23"><span class='ocrx_word' id='word_1_149' title='bbox 577 3057 747 3135; x_wconf 83' lang='lat' dir='ltr'>recedens,</span> <span class='ocrx_word' id='word_1_150' title='bbox 762 3077 839 3144; x_wconf 88' lang='lat' dir='ltr'>non</span> <span class='ocrx_word' id='word_1_151' title='bbox 856 3057 888 3123; x_wconf 89' lang='lat' dir='ltr'>ie</span> <span class='ocrx_word' id='word_1_152' title='bbox 908 3077 1042 3143; x_wconf 82' lang='lat' dir='ltr'>parcum</span> <span class='ocrx_word' id='word_1_153' title='bbox 1064 3057 1187 3137; x_wconf 87' lang='lat' dir='ltr'>solum,</span> <span class='ocrx_word' id='word_1_154' title='bbox 1210 3058 1263 3124; x_wconf 83' lang='lat' dir='ltr'>sed</span> <span class='ocrx_word' id='word_1_155' title='bbox 1282 3059 1396 3134; x_wconf 80' lang='lat' dir='ltr'>etiann-</span> 
     </span>
     <span class='ocr_line' id='line_1_25' title="bbox 576 3171 1389 3255; baseline 0.002 -20"><span class='ocrx_word' id='word_1_156' title='bbox 576 3171 759 3255; x_wconf 81' lang='lat' dir='ltr'>elegantem</span> <span class='ocrx_word' id='word_1_157' title='bbox 774 3172 875 3237; x_wconf 85' lang='lat' dir='ltr'>videri</span> <span class='ocrx_word' id='word_1_158' title='bbox 895 3172 1001 3252; x_wconf 77' lang='lat' dir='ltr'>volet3</span> <span class='ocrx_word' id='word_1_159' title='bbox 1033 3172 1151 3254; x_wconf 80' lang='lat' dir='ltr'>eliget,</span> <span class='ocrx_word' id='word_1_160' title='bbox 1174 3171 1293 3255; x_wconf 77' lang='lat' dir='ltr'>quibus</span> <span class='ocrx_word' id='word_1_161' title='bbox 1309 3178 1389 3249; x_wconf 82' lang='lat' dir='ltr'>nta-</span> 
     </span>
     <span class='ocr_line' id='line_1_26' title="bbox 533 3281 1388 3370; baseline 0.011 -26"><span class='ocrx_word' id='word_1_162' title='bbox 533 3283 644 3352; x_wconf 74' lang='lat' dir='ltr'>tltur.</span> <span class='ocrx_word' id='word_1_163' title='bbox 688 3281 773 3351; x_wconf 85' lang='lat' dir='ltr'>Sunt</span> <span class='ocrx_word' id='word_1_164' title='bbox 786 3283 873 3351; x_wconf 75' lang='lat' dir='ltr'>eninr</span> <span class='ocrx_word' id='word_1_165' title='bbox 887 3286 1052 3370; x_wconf 75' lang='lat' dir='ltr'>pleraeque</span> <span class='ocrx_word' id='word_1_166' title='bbox 1070 3291 1153 3369; x_wconf 81' lang='lat' dir='ltr'>aptae</span> <span class='ocrx_word' id='word_1_167' title='bbox 1167 3283 1268 3369; x_wconf 79' lang='lat' dir='ltr'>hujus</span> <span class='ocrx_word' id='word_1_168' title='bbox 1285 3282 1388 3369; x_wconf 79' lang='lat' dir='ltr'>ipsrua</span> 
     </span>
    </p>

    <p class='ocr_par' dir='ltr' id='par_1_5' title="bbox 554 3395 1426 3484">
     <span class='ocr_line' id='line_1_27' title="bbox 554 3395 1426 3484; baseline 0.007 -24"><span class='ocrx_word' id='word_1_169' title='bbox 554 3399 732 3478; x_wconf 83' lang='lat' dir='ltr'>··otatorir,</span> <span class='ocrx_word' id='word_1_170' title='bbox 757 3398 796 3463; x_wconf 85' lang='lat' dir='ltr'>de</span> <span class='ocrx_word' id='word_1_171' title='bbox 812 3417 877 3482; x_wconf 84' lang='lat' dir='ltr'>quo</span> <span class='ocrx_word' id='word_1_172' title='bbox 891 3398 1027 3483; x_wconf 85' lang='lat' dir='ltr'>loquor,</span> <span class='ocrx_word' id='word_1_173' title='bbox 1049 3395 1261 3484; x_wconf 80' lang='lat' dir='ltr'>parfimonlae.</span> <span class='ocrx_word' id='word_1_174' title='bbox 1296 3395 1387 3466; x_wconf 84' lang='lat' dir='ltr'>Nam</span> <span class='ocrx_word' id='word_1_175' title='bbox 1421 3416 1426 3425; x_wconf 83' lang='lat'><strong><em>‘</em></strong></span> 
     </span>
    </p>
   </div>
   <div class='ocr_carea' id='block_1_3' title="bbox 577 3506 1391 3625">
    <p class='ocr_par' dir='ltr' id='par_1_6' title="bbox 577 3506 1391 3625">
     <span class='ocr_line' id='line_1_28' title="bbox 577 3506 1391 3625; baseline -0.004 -41"><span class='ocrx_word' id='word_1_176' title='bbox 577 3506 644 3596; x_wconf 80' lang='lat' dir='ltr'>illa,</span> <span class='ocrx_word' id='word_1_177' title='bbox 666 3513 833 3600; x_wconf 69' lang='lat' dir='ltr'>dequibus</span> <span class='ocrx_word' id='word_1_178' title='bbox 844 3517 919 3584; x_wconf 82' lang='lat' dir='ltr'>ante</span> <span class='ocrx_word' id='word_1_179' title='bbox 929 3511 1006 3602; x_wconf 76' lang='lat' dir='ltr'>uxi,</span> <span class='ocrx_word' id='word_1_180' title='bbox 1027 3511 1104 3584; x_wconf 84' lang='lat' dir='ltr'>hoio</span> <span class='ocrx_word' id='word_1_181' title='bbox 1120 3510 1391 3625; x_wconf 66' lang='lat' dir='ltr'>aootoiuu‘aolln</span> 
     </span>
    </p>
   </div>
   <div class='ocr_carea' id='block_1_4' title="bbox 452 3560 663 3838">
    <p class='ocr_par' dir='ltr' id='par_1_7' title="bbox 452 3560 663 3838">
     <span class='ocr_line' id='line_1_29' title="bbox 459 3560 467 3583; baseline 0 0"><span class='ocrx_word' id='word_1_182' title='bbox 459 3560 467 3583; x_wconf 84' lang='lat'>.&#39;</span> 
     </span>
     <span class='ocr_line' id='line_1_30' title="bbox 496 3598 663 3623; baseline 0.006 0"><span class='ocrx_word' id='word_1_183' title='bbox 496 3616 509 3623; x_wconf 92' lang='lat'>-</span> <span class='ocrx_word' id='word_1_184' title='bbox 585 3598 605 3619; x_wconf 72' lang='grc' dir='ltr'>ι·</span> <span class='ocrx_word' id='word_1_185' title='bbox 661 3604 663 3611; x_wconf 93' lang='grc'><strong><em>·</em></strong></span> 
     </span>
     <span class='ocr_line' id='line_1_31' title="bbox 452 3586 558 3714; baseline 0 0"><span class='ocrx_word' id='word_1_186' title='bbox 452 3586 558 3714; x_wconf 63' lang='grc' dir='ltr'>ἱ·-</span> 
     </span>
     <span class='ocr_line' id='line_1_32' title="bbox 581 3822 612 3838; baseline 0 0"><span class='ocrx_word' id='word_1_187' title='bbox 581 3822 612 3838; x_wconf 81' lang='lat' dir='ltr'>&#39;l</span> 
     </span>
    </p>
   </div>
   <div class='ocr_carea' id='block_1_5' title="bbox 0 0 1834 4350">
    <p class='ocr_par' dir='ltr' id='par_1_8' title="bbox 0 0 1834 4350">
     <span class='ocr_line' id='line_1_33' title="bbox 0 0 1834 4350; baseline 0 0"><span class='ocrx_word' id='word_1_188' title='bbox 0 0 1834 4350; x_wconf 95' lang='lat' dir='ltr'> </span> 
     </span>
    </p>
   </div>
  </div>
 </body>
</html>
