3650 4350
488 531 493 542 ·
595 497 663 582 23⁶
780 491 869 574 ¹IN,
913 487 1234 560 VERREM

600 668 956 752 Romanuojudicaret,
977 665 1047 750 ipso
1069 665 1239 731 absoluto
1254 667 1387 750 remor

601 801 675 849 cam
696 783 777 847 stare
798 804 863 847 non
889 779 999 865 posse:
1026 785 1069 844 ut
1095 779 1197 845 alter
1223 781 1296 844 dies
1316 781 1387 845 auid

598 893 689 962 istius
706 916 745 961 uo
764 896 981 963 defensoribus
999 914 1068 960 non
1085 896 1202 959 modo
1219 893 1311 977 spem
1324 890 1389 958 vida

599 1011 676 1087 riae,
693 1010 744 1074 sed
758 1010 856 1110 etiam
872 1007 1308 1074 voluntatem’defensronia
1322 1008 1390 1072 auto·
1420 1011 1424 1020 '

596 1134 670 1188 retr
695 1130 733 1188 ut
749 1124 865 1188 tertius
881 1124 951 1187 dies
972 1118 1015 1185 fic
1033 1122 1224 1187 hominem
1247 1120 1392 1205 prosterne

600 1248 667 1315 ret,
684 1248 743 1316 ut,
763 1239 875 1305 morbo
892 1235 1061 1309 fimulato‚
1079 1257 1177 1314 non,
1200 1237 1290 1321 quid
1303 1239 1393 1324 respor-

601 1353 711 1429 deret,
729 1352 782 1416 sed
792 1393 803 1429 ,
822 1351 1092 1436 quemadmodum
1107 1370 1187 1416 nou
1204 1344 1395 1436 responderet

600 1468 813 1531 deliberaret:
833 1465 950 1529 deinde
963 1464 1095 1547 reliquis
1113 1464 1275 1545 diebus,
1301 1469 1347 1531 hir
1358 1472 1396 1535 αἱ

602 1580 767 1655 minibus,
791 1577 842 1643 his
863 1578 1021 1654 testibus,
1042 1574 1078 1642 δι
1095 1578 1279 1658 urbanis,
1299 1580 1333 1646 dr
1348 1603 1398 1666 pre-

599 1692 790 1757 vincialibus
812 1688 853 1755 fic
875 1693 1010 1756 obrutus
1032 1698 1138 1774 etque
1157 1693 1341 1777 oppressus
1357 1696 1400 1776 ed,

599 1815 640 1870 ut
662 1807 714 1869 his
742 1805 892 1871 ludorum
919 1804 1030 1869 diebus
1053 1803 1299 1888 rumpentia,
1329 1830 1400 1877 omo

600 1919 696 1984 istum
715 1918 1052 2002 comperendinatum,
1074 1916 1131 1982 sed
1152 1924 1400 1990 condemnatur

560 2024 768 2122 8judicaret.
800 2033 1005 2115 Quapropter
1023 2050 1102 2114 ego,
1122 2037 1224 2115 quod
1243 2036 1290 2101 ad
1306 2058 1357 2102 me
1369 2051 1401 2103 at·

553 2129 589 2178 ²¹
601 2151 700 2223 tinet,
717 2145 857 2230 judtces,
875 2145 961 2219 vici:
976 2164 1041 2211 non
1054 2141 1142 2209 enim
1155 2146 1273 2231 spolia
1291 2149 1330 2218 C.
1341 2151 1400 2220 Ver·

598 2266 663 2342 ris,
681 2264 733 2328 sed
750 2259 1015 2326 existimationem
1034 2259 1147 2344 populi
1163 2260 1321 2331 Romani
1343 2287 1402 2332 eor·

597 2378 720 2462 cupivi.
766 2376 876 2438 Meum
897 2373 959 2438 fuit
975 2392 1050 2437 cum
1067 2372 1164 2436 causa
1192 2382 1401 2465 accederoad

596 2489 821 2558 accusandum.
850 2506 924 2568 quae
946 2485 1039 2551 causa
1059 2486 1122 2550 ruit
1144 2486 1296 2569 justior,
1317 2512 1401 2579 quau

482 2608 485 2615 '
596 2626 618 2671 a
634 2613 701 2669 tam
716 2599 830 2666 illustri
846 2600 1010 2684 provincia
1030 2598 1235 2668 defensorem
1258 2607 1402 2675 constitu

595 2714 761 2799 &derigit
775 2713 958 2796 relpublicae
972 2712 1146 2777 consulere.
1162 2717 1250 2798 quid
1262 2717 1335 2802 jam
1349 2722 1403 2786 rei·

594 2831 732 2918 publicae
758 2825 950 2904 honestius,
978 2845 1076 2910 quam
1102 2826 1136 2888 in
1161 2834 1261 2896 tauta
1286 2834 1404 2923 invidie¹
1434 2874 1435 2891 r

592 2940 789 3031 iudiciorum
802 2941 963 3004 adducere
969 2940 1150 3033 homiuem,
1161 2941 1261 3024 cujus
1271 2947 1402 3011 damno

593 3059 686 3124 tione
703 3062 792 3119 totua
813 3054 890 3117 ordo
909 3073 986 3117 cum
1007 3052 1125 3136 populo
1141 3024 1358 3129 Romans&
1369 3061 1401 3125 ira

591 3171 688 3239 laude
708 3167 744 3234 dr
759 3168 794 3232 iu
817 3168 921 3250 gratia
942 3163 1035 3251 pofl'rt
1056 3162 1150 3230 esse?
1173 3167 1350 3238 ostendere
1365 3192 1402 3237 ao

590 3282 807 3372 persuadere,
831 3280 997 3346 homiuem
1019 3285 1191 3344 nocentem
1217 3283 1402 3352 aeduum

591 3398 681 3466 effer
707 3394 780 3480 quir
801 3392 846 3458 est
865 3393 901 3457 in
920 3392 1037 3476 populo
1059 3390 1227 3472 Romano,
1256 3398 1319 3480 qui
1338 3400 1405 3465 hoo

589 3531 657 3578 uon
678 3532 719 3576 ex
747 3508 854 3593 priore
878 3504 1005 3571 afflone
1028 3504 1224 3585 abstulerit,·
1242 3512 1406 3580 omnium

587 3631 664 3692 aute
678 3626 904 3699 damnatorum
920 3620 1056 3703 scelera,
1074 3621 1178 3700 furta,
1199 3618 1332 3706 flagitia
1341 3669 1354 3707 ,
1377 3624 1407 3697 fi
