3650 4350
538 649 681 719 bominis
696 647 788 733 einr,
808 647 867 734 qui
883 665 1005 732 neque
1019 635 1246 736 proscriptor,
1262 661 1318 730 κῃ

537 753 630 847 'apud
646 762 843 829 adversarior
860 759 994 827 occisor
1006 757 1081 839 est,
1097 757 1322 836 bonevcnieriq

540 896 617 941 cum
626 875 726 942 ineos
740 875 824 941 soloe
837 874 891 940 lex
899 872 1029 959 scripte
1036 869 1107 938 fite
1124 871 1257 950 deinde,
1267 891 1325 956 quc

541 989 709 1074 eliquanto
723 987 794 1076 post
805 1006 879 1055 eam
891 986 984 1052 diem
995 985 1201 1064 venierint,
1217 1005 1283 1070 que
1293 985 1328 1051 ie

541 1101 578 1167 in
592 1100 664 1184 lege
677 1101 840 1186 praefinita
854 1099 916 1167 estc
932 1099 1079 1180 deinde,
1097 1119 1166 1166 cnr
1179 1099 1331 1164 tentuloo

541 1214 675 1281 nicrint.
699 1211 1334 1298 Qnaeomniafi,quemndmodumlolol

538 1327 648 1396 liberti
670 1349 812 1414 nequem
831 1327 866 1395 ἀ
882 1327 1026 1411 improbi
1044 1327 1194 1404 facete,
1217 1325 1354 1410 inum

540 1461 621 1507 num
649 1442 740 1507 suum
769 1441 910 1508 'voluerit
934 1443 1116 1519 coniectu
1146 1438 1237 1506 rlihil
1259 1439 1338 1522 egerit

538 1552 647 1620 Nemo
663 1555 709 1618 est
726 1556 833 1635 enim,
850 1554 907 1638 qul
922 1552 1067 1632 nesciet,
1087 1559 1237 1640 propter
1248 1553 1341 1636 magni·

538 1667 691 1731 tudinem
703 1688 813 1734 rerum
827 1667 935 1732 multa
948 1667 1102 1745 multoe,
1123 1659 1279 1753 [partim
1293 1687 1343 1731 cor·

539 1779 713 1868 nivente,]
730 1782 848 1866 partim
866 1779 1074 1864 imprudente
1093 1777 1138 1846 L.
1153 1777 1270 1858 Sulla,
1284 1801 1345 1845 con·
1375 1839 1381 1846 .

471 1905 524 1968 131
541 1891 666 1959 mifilse.
690 1895 800 1959 Placet
814 1895 913 1977 igitur
928 1894 962 1957 in
976 1892 1028 1957 hie
1042 1891 1152 1958 rebus
1162 1893 1295 1978 aliquid
1306 1895 1347 1958 in·

539 2009 713 2092 prudentio
726 2005 914 2094 praeteriri?
929 2004 1138 2089 nonplocet,
1144 2005 1304 2090 judices:
1314 2007 1350 2072 lcl

538 2120 664 2189 necelio
682 2120 738 2188 est.
761 2121 893 2187 Etenim
909 2117 1072 2204 fiJupiter
1087 2119 1251 2205 optImnc
1268 2122 1351 2187 mni·

537 2255 631 2312 mus,
658 2236 751 2318 cujus
769 2244 852 2300 nutu
869 2232 906 2300 δι
928 2230 1060 2298 arbitrio
1078 2233 1216 2299 coelum
1225 2281 1238 2314 ,
1257 2245 1352 2315 tem,

538 2350 708 2433 mariaque
722 2356 898 2431 reguntur,
907 2346 989 2430 iaepe
1004 2344 1113 2411 ventio
1128 2346 1354 2415 vehementio-

536 2460 652 2537 ribus,
680 2456 739 2525 aur
754 2460 975 2526 immoderatis
997 2456 1282 2542 tempestatibus,
1304 2470 1354 2529 rut

490 2640 492 2645 ,
508 2584 510 2590 “
535 2572 638 2639 nimio
653 2572 781 2652 calore,
799 2580 856 2641 aut
870 2571 1065 2637 intolerabili
1080 2572 1235 2655 frigore,
1253 2576 1354 2643 bomi-

533 2674 632 2751 nibus
646 2688 775 2766 nocuit,
796 2688 893 2754 urbes
911 2684 1050 2761 delevit,
1066 2684 1184 2768 fruges
1198 2691 1354 2773 perdidit

536 2816 676 2884 quorum
684 2800 782 2880 nihil,
793 2799 948 2886 perniciei
961 2798 1072 2878 causa,
1083 2798 1198 2864 diuino
1206 2802 1356 2883 confilio,

533 2912 588 2979 sed
611 2913 644 2979 vi
665 2915 731 2999 ipsa
751 2912 1033 2998 &magnitudine
1056 2896 1196 2991 reruni,
1225 2914 1354 2985 fastum

532 3035 708 3112 putamus:
731 3037 765 3094 at
778 3037 911 3107 contra,
932 3027 1123 3103 commoda,
1140 3004 1355 3109 quibueuti·

530 3158 626 3220 mur,
643 3144 834 3229 lucemque,
852 3161 916 3227 qua
929 3142 1086 3217 fruimur,
1107 3137 1353 3235 spiritumque,

531 3275 632 3338 quem
648 3257 820 3333 ducimus,
847 3257 888 3321 ab
906 3253 1055 3320 conubis
1072 3251 1142 3318 dari
1161 3262 1267 3337 atque
1281 3258 1352 3323 im.

529 3369 643 3450 pertiti
658 3370 825 3437 videmus:
848 3369 925 3455 quid
942 3368 1116 3444 miramur,
1138 3364 1177 3429 L.
1196 3363 1347 3451 Sullam,

525 3499 602 3547 cum
624 3482 710 3549 solur
735 3482 979 3569 rempublicam.
993 3489 1139 3565 regeret,
1160 3481 1347 3567 orbemque

522 3597 681 3662 terrarum
690 3596 906 3681 gubernaret,
914 3596 1110 3684 imperiique
1120 3592 1339 3679 maiestatem,
