3650 4350
567 485 632 555 ιφ
831 464 1129 556 oestro

640 643 726 725 Ergo
735 641 800 707 huc
808 640 955 705 universa
964 640 1061 704 causa
1072 640 1379 719 decantandae

575 756 713 824 Roscius
728 775 802 819 cum
815 753 924 818 Flavio
938 754 979 818 de
998 752 1056 818 sua
1071 763 1199 838 parte,
1216 773 1264 819 an
1279 756 1320 820 de
1331 760 1380 821 tot

533 884 569 949 35
578 863 1052 950 societateseceritpat'tionem.
1062 866 1158 932 Nam
1166 888 1235 952 ego
1244 867 1380 946 Roscium,

579 983 605 1050 ss
627 982 705 1067 quid
728 980 893 1044 communi
913 978 1043 1046 nomine
1069 982 1220 1065 tetigit,
1246 980 1382 1046 confiteor

580 1095 732 1182 praestare
742 1095 856 1158 debere
865 1092 1019 1158 societati.
1034 1089 1227 1164 sacietatis
1235 1141 1248 1174 ,
1257 1096 1382 1161 nonluaa

581 1203 657 1277 lites
672 1207 823 1284 redemit,
842 1227 917 1271 cum
933 1207 1069 1271 fundum
1086 1226 1108 1270 a
1127 1207 1253 1273 Flavio
1268 1210 1384 1293 accepit.
1427 1287 1430 1298 Ι

584 1322 675 1398 Quid
692 1322 738 1386 ita
754 1320 828 1385 satis
843 1339 908 1384 non
924 1320 1028 1397 dedit,
1051 1338 1285 1428 execres
1308 1343 1332 1385 A
1350 1344 1383 1390 sa

583 1452 809 1502 nemmem
840 1433 1155 1500 eartrvnvrr?
1189 1435 1267 1512 Qui
1291 1439 1330 1501 de
1346 1437 1386 1501 lua

583 1556 677 1634 parte
699 1547 844 1624 decidit,
879 1546 1012 1630 reliquie
1036 1546 1208 1630 integram
1248 1550 1386 1632 relinquit

584 1658 757 1725 astionem.
779 1659 835 1742 qui
858 1679 916 1744 pro
936 1659 1027 1724 sociis
1046 1659 1230 1744 transigit,
1256 1663 1387 1741 satisdat,

583 1773 748 1838 neminem
764 1794 877 1839 eorum
891 1772 998 1857 postea
1012 1773 1212 1857 petiturum.
1248 1775 1338 1852 Quid
1353 1777 1389 1840 ita

583 1886 694 1952 Flavio
709 1885 765 1950 fibi
781 1907 895 1953 cavere
911 1906 976 1950 non
993 1886 1081 1950 venit
1092 1885 1128 1951 in
1146 1888 1327 1980 meatem?
1343 1912 1388 1954 ne·

582 2000 701 2065 sciebat
709 2002 858 2064 videlicet
867 2000 1050 2082 Panurgum
1057 1998 1151 2065 fuisse
1162 2000 1202 2065 in
1217 1979 1390 2069 societates

585 2110 726 2180 Sciebat.
756 2111 944 2190 Nesciebat,
963 2113 1118 2177 Fannium
1132 2114 1255 2181 Roscio
1270 2116 1336 2183 esse
1351 2117 1389 2182 sc·

584 2229 699 2292 cium?
722 2228 891 2292 Praeclare.
907 2246 984 2291 nam
1000 2226 1143 2291 illerum
1153 2249 1196 2293 eo
1209 2230 1310 2296 litem
1325 2252 1390 2297 con·

542 2353 578 2420 3⁶
585 2341 732 2406 testatam
749 2341 898 2405 habebat.
922 2339 987 2405 Cur
1001 2341 1100 2423 igitur
1115 2342 1261 2422 decidit,
1281 2344 1320 2409 dr
1334 2365 1390 2410 non

584 2454 812 2538 restipulatur,
838 2454 1001 2518 neminem
1023 2454 1161 2536 amplius
1182 2456 1391 2539 petiturum?
1429 2464 1431 2471 '

585 2588 643 2631 cur
657 2569 696 2632 de
711 2568 812 2630 sundo
827 2567 964 2643 decidit,
985 2564 1019 2630 dr
1033 2565 1155 2650 judicio
1171 2589 1241 2633 non
1259 2572 1390 2638 absolvi·

584 2679 666 2744 tur?
686 2689 820 2745 curtam
837 2679 986 2763 imperite
1001 2679 1096 2756 sacit,
1111 2689 1153 2746 ut
1164 2701 1228 2746 nec
1239 2684 1390 2751 Roscium

583 2789 789 2876 stipulatione
808 2792 943 2875 alliget,
969 2812 1073 2876 neque
1093 2812 1113 2858 a
1128 2792 1254 2861 Fannio
1271 2797 1389 2882 judicio

541 2904 616 2991 etse
629 2905 794 2971 absolvat?
813 2905 942 2970 Esthoc
953 2907 1091 2990 primum
1101 2905 1184 2971 &ex
1200 2912 1390 2978 conditione

582 3018 681 3103 juris,
696 3018 730 3083 δι
748 3041 789 3084 ex
805 3018 1033 3084 consuetudine
1049 3020 1228 3100 cautionis,
1246 3023 1390 3107 gravisi:
1416 3000 1418 3007 ¹

582 3151 674 3198 mum
688 3131 723 3198 dr
733 3114 945 3197 firmisfimuni
959 3142 1201 3214 argumentum:
1220 3140 1313 3218 quod
1332 3159 1391 3221 ego

518 3258 521 3262 ·
579 3245 727 3331 pluribus
739 3247 846 3311 verbis
863 3243 1089 3329 ampleiterer,
1111 3246 1214 3311 finon
1231 3251 1298 3314 alia
1318 3272 1390 3317 cer·

579 3359 663 3442 tiora
677 3357 712 3424 dc
726 3359 863 3424 clariora
877 3356 1059 3424 testimonia
1068 3360 1101 3423 in
1111 3361 1204 3425 causa
1216 3362 1390 3430 haberem.

515 3476 568 3567 13
579 3471 645 3549 Et,
666 3492 708 3535 ne
728 3475 814 3538 forte
836 3493 888 3537 me
908 3472 972 3536 hoc
987 3472 1100 3537 frustra
1118 3474 1303 3556 pollicitum
1325 3476 1391 3544 effe

575 3585 753 3668 praedices:
777 3594 830 3668 te,
853 3593 908 3662 te,
932 3586 1086 3672 inquam,
1107 3585 1230 3669 Fanni,
1255 3590 1296 3656 eh
1319 3591 1391 3659 tuin
