3650 4350
528 475 595 548 ηε
645 451 753 542 'nn
798 473 1185 552 rnunnrrvnr

478 641 617 716 28‘tione
632 653 820 735 expiscrndn
838 653 923 718 sunt.
968 652 1078 737 Atque
1098 656 1206 722 etiarn
1231 657 1329 725 defini·

400 825 402 830 s
526 766 634 831 tiones
657 768 729 831 aiiae
753 767 827 830 sunt
846 767 1081 850 partitionum,
1107 770 1188 835 aiiae
1213 773 1329 840 divifio·

525 900 625 945 num:
650 881 871 963 partitionum,
894 901 968 946 eum
984 900 1036 945 rea
1050 901 1101 959 ea,
1124 903 1205 966 quae
1224 903 1331 972 propo·

524 994 581 1059 sita
598 995 662 1070 eii,
687 993 771 1078 quafi
789 994 822 1057 in
837 996 982 1058 membra
995 996 1190 1080 discerpitur
1200 1019 1212 1077 ;
1240 1012 1296 1080 ut,
1313 999 1331 1066 i

524 1113 597 1194 qun
611 1108 662 1191 jur
677 1111 772 1174 enne
789 1109 876 1172 neat
889 1108 922 1171 ro
940 1105 1022 1187 erse,
1045 1090 1131 1191 quon
1145 1111 1182 1174 ru
1200 1115 1333 1196 reginos,

521 1223 810 1300 senatusconsultu,
833 1224 930 1286 rebus
943 1222 1113 1305 iudicatio,
1133 1221 1333 1310 jurisperito·

523 1358 595 1402 rum
611 1336 811 1412 audioritate‚
828 1332 942 1401 edisiio
956 1333 1216 1418 magistratuum,
1234 1357 1333 1423 more,

523 1452 677 1529 aequitate
693 1447 858 1513 consistat:
882 1446 1071 1513 divisionum
1087 1462 1201 1516 autern
1219 1453 1333 1521 defini·

449 1568 456 1590 ¹
522 1566 570 1630 tio
584 1567 703 1630 forman
728 1582 839 1628 omnes
859 1561 1102 1645 compleffltur,
1125 1584 1204 1647 quae
1221 1567 1281 1635 sub
1295 1587 1331 1635 ea

520 1698 640 1763 genere
655 1679 736 1754 sunt,
759 1680 844 1759 quod
858 1675 1022 1753 definitur,
1039 1677 1102 1741 hoo
1117 1682 1241 1745 inodo:
1265 1684 1330 1749 Ab·

521 1794 673 1857 alienatio
690 1790 733 1855 est
749 1790 820 1872 eJua
840 1790 907 1865 rei,
932 1810 1007 1873 qoae
1026 1789 1164 1874 mancipi
1184 1793 1252 1874 est,
1277 1802 1329 1861 aut

520 1908 653 1971 traditio
668 1904 761 1968 alteri
774 1924 878 1981 nexu,
901 1915 961 1967 aut
974 1905 1006 1968 in
1021 1903 1092 1988 jure
1107 1899 1220 1982 ceffio,
1245 1908 1328 1975 inte'r

480 2003 602 2107 (iquos
616 2041 655 2085 ea
674 2021 743 2099 inre
759 2019 846 2084 civili
860 2017 931 2083 fieri
947 2013 1083 2101 possunt.
1118 2014 1252 2087 Sunt&
1268 2023 1328 2090 alia
1361 2041 1364 2050 ·

519 2155 638 2222 genera
657 2133 903 2202 definitionum}
935 2131 985 2198 sed
1008 2134 1048 2196 ad
1069 2132 1164 2216 huius
1181 2134 1259 2201 libri
1279 2135 1327 2203 iu·

518 2254 662 2319 stitutum
682 2252 736 2313 ilia
758 2250 839 2312 nihii
858 2249 1037 2329 pertinent:
1058 2257 1186 2312 tantum
1213 2247 1259 2315 est
1281 2250 1327 2317 di·

472 2369 508 2431 29
520 2368 668 2438 cendum,
691 2362 747 2441 qui
763 2359 800 2422 fit
811 2357 1010 2424 definitionis
1026 2360 1153 2426 modun.
1198 2359 1253 2429 Sic
1266 2363 1326 2449 igi·

517 2487 572 2542 tur
597 2488 721 2548 veteres
746 2473 963 2555 praecipiunt:
994 2492 1067 2538 cum
1091 2474 1239 2542 sumserio
1266 2495 1326 2557 ea,

462 2575 465 2581 ’
518 2605 593 2672 quae
616 2584 675 2649 lint
697 2587 727 2649 ei
749 2583 818 2663 roi,
842 2605 941 2670 quarn
968 2586 1103 2654 definire
1125 2590 1227 2667 velia,
1249 2611 1326 2657 eum

447 2762 449 2766 ,
516 2701 590 2766 aliis
607 2700 804 2778 communia,
819 2700 920 2784 nsque
932 2722 970 2764 eo
985 2703 1140 2786 persequi,
1163 2707 1238 2769 dnm
1251 2725 1327 2788 pro·

515 2813 625 2905 prium
641 2812 820 2894 efficiatur,
842 2814 929 2897 quod
946 2816 1066 2880 nuliam
1082 2815 1114 2881 in
1137 2816 1233 2881 aliam
1254 2836 1324 2885 reru

516 2930 686 2992 tranaserri
703 2926 806 3011 posiit.
849 2926 894 2994 Ut
908 2926 988 3008 hoc,
1013 2928 1185 2996 Hereditas
1206 2932 1248 3018 est
1267 2948 1324 3018 pc·

516 3044 619 3110 cunia.
667 3047 849 3109 Commune
874 3041 1005 3108 adhuc:
1038 3043 1138 3107 musta
1157 3044 1244 3109 enim
1267 3036 1324 3129 'go-

514 3174 595 3225 nera
615 3156 686 3223 sunt
709 3157 867 3242 pecuniae.
929 3156 1024 3219 Adde
1050 3158 1136 3239 quod
1162 3154 1324 3240 sequitur:

516 3290 596 3358 quoe
617 3279 716 3336 morta
738 3268 874 3356 alicujras
897 3266 942 3357 od
968 3270 1140 3354 quempiam
1164 3274 1320 3354 pervenit.

514 3389 659 3452 nondum
686 3383 730 3449 est
766 3380 923 3449 definitio.
962 3381 1072 3447 multia
1098 3382 1185 3449 enim
1215 3385 1323 3451 modia

513 3493 579 3567 fine
606 3499 786 3565 hereditate
815 3494 921 3561 teneri
943 3490 1143 3562 mortuorum
1172 3500 1322 3581 pecuniae

512 3610 652 3702 possunt.
674 3664 676 3671 .
695 3607 804 3680 Unum
822 3610 906 3678 adde
924 3611 1057 3680 verbum
1069 3607 1185 3696 „jura
1217 3606 1344 3699 joma,
