3650 4350
539 516 582 579 ῳ
729 473 736 484 ’
802 471 1162 562 οκΑτιο’

540 676 657 733 natura
672 667 737 751 ipsa
752 667 893 732 retinere
909 668 944 733 in
960 665 1075 732 officio
1097 683 1176 738 non
1193 662 1333 751 potniiiet,

539 781 563 845 ii
572 781 793 864 magnitudine
806 800 913 865 poenae
926 780 1094 847 maleficio
1110 780 1332 846 summovereu

537 902 605 960 tur.
620 895 701 958 insui
717 896 892 961 voluerunt
905 896 940 959 in
955 896 1094 959 culeum
1118 894 1243 967 vivos,
1261 905 1334 975 atqu

468 1005 582 1090 26ita
603 1009 638 1072 iu
661 1008 782 1074 flumen
803 1008 908 1089 dejici.
947 1007 976 1074 0
1000 1004 1215 1092 fingulnrem
1238 1006 1337 1087 sapien

491 1122 523 1179 71
537 1123 614 1187 tiam
628 1168 637 1197 ‚
652 1122 795 1203 judices!
819 1122 936 1187 Nonne
951 1122 1114 1189 videntur
1136 1121 1236 1189 hunc
1252 1118 1339 1187 honi·

535 1256 609 1300 nem
627 1256 666 1299 ex
688 1254 794 1317 rerum
810 1243 929 1299 natura
949 1232 1106 1301 sustuliffe
1123 1232 1165 1299 ἁ
1182 1230 1339 1317 eripuisse,

533 1349 589 1411 cui
604 1357 734 1430 repente
751 1348 891 1426 coelum,
909 1347 1023 1427 solem,
1043 1364 1193 1435 nquam,
1214 1355 1340 1412 terram·

533 1481 596 1544 que
614 1462 810 1538 ademerint3
836 1469 890 1538 ut,
907 1461 963 1546 qui
980 1477 1057 1525 eum
1071 1458 1250 1539 necasset,
1265 1461 1345 1524 unde

530 1573 596 1656 ipse
610 1582 705 1636 natus
726 1572 825 1653 efl'et,
849 1582 975 1639 careret
990 1573 1031 1637 ii·
1045 1573 1150 1637 rebus
1164 1574 1340 1650 ‚omnibun

530 1706 571 1749 ex
586 1687 704 1767 quibus
719 1689 826 1751 omnia
842 1698 921 1753 nata
934 1684 996 1752 effe
1009 1685 1198 1754 dicuntur?
1224 1685 1341 1751 Nolue-

530 1809 606 1862 runt
620 1800 696 1864 feris
711 1820 824 1882 corpus
839 1800 996 1880 objicere,
1007 1820 1048 1863 ne
1061 1798 1176 1864 bestiis
1191 1818 1339 1884 quoque,

528 1932 601 1996 quae
617 1923 745 2000 tantuin
759 1914 858 1977 scelus
874 1912 1339 2004 attigiffentuimmanioribut

528 2039 712 2093 uteremur:
731 2047 797 2090 non
811 2024 852 2088 fic
867 2028 974 2091 nudos
986 2024 1158 2109 influmen
1174 2027 1337 2113 dejicere,

527 2160 588 2219 ne,
605 2145 678 2205 'cum
693 2141 789 2206 delati
805 2138 905 2206 essent
919 2140 952 2204 in
967 2157 1070 2218 mare,
1086 2139 1191 2222 ipsum
1206 2142 1337 2225 pollue·

526 2265 599 2322 rent
614 2301 623 2331 ,
639 2276 702 2339 quo
717 2266 846 2331 cetera,
866 2274 940 2337 quae
955 2254 1074 2320 violata
1089 2251 1185 2329 sunt,
1206 2255 1335 2338 expiati

523 2378 692 2454 putantur.
716 2368 864 2451 Denique
876 2369 958 2435 nihil
969 2375 1037 2429 tani
1047 2365 1255 2450 vite‚neque
1267 2378 1334 2434 tam

524 2484 656 2563 vulgare
670 2479 734 2556 est,
752 2480 847 2563 cujus
860 2490 985 2561 partem
998 2479 1098 2545 ullum
1116 2480 1336 2567 reliquerint,

460 2591 462 2597 ’
478 2613 512 2673 72
523 2594 652 2657 Etenim
665 2593 742 2675 quid
755 2602 820 2658 tam
831 2592 875 2659 est
886 2612 1072 2669 commune,
1082 2611 1183 2674 quam
1193 2572 1335 2676 {pintus

521 2707 620 2781 vivis,
636 2716 724 2772 terra
737 2706 891 2795 mortuis,
908 2725 996 2774 mare
1009 2700 1266 2784 flut'tuantibus‚
1288 2708 1331 2772 li·
1343 2731 1353 2764 ι

517 2828 572 2884 tus
588 2816 724 2902 ejettist
746 2823 796 2886 Ita
814 2820 944 2897 vivunt,
960 2823 1037 2888 dum
1051 2817 1194 2903 possunt,
1209 2829 1249 2882 ut
1263 2821 1327 2884 du-

516 2954 591 2998 cere
607 2934 747 2999 animam
763 2935 804 2999 de
818 2935 903 2998 coelo
922 2953 990 2999 non
1012 2940 1155 3018 quenntt
1176 2931 1225 2998 ita
1250 2953 1327 2998 mo·

515 3050 641 3112 riuntur
649 3091 659 3124 ‚
678 3054 715 3111 ut
731 3068 844 3113 eorum
860 3046 925 3112 offa
939 3055 1024 3112 terra
1036 3065 1100 3110 non
1112 3053 1247 3128 tangat:
1272 3047 1325 3114 ita

512 3161 677 3246 justantut
688 3154 859 3238 fluetibus,
876 3170 913 3225 ut
930 3176 1105 3243 numquam
1122 3161 1319 3227 abluantur:

512 3276 558 3339 ita
569 3274 726 3357 postremo
736 3273 928 3356 ejiciuntur,
941 3281 978 3337 ut
989 3295 1029 3338 ne
1042 3274 1082 3338 ad
1096 3272 1168 3336 saxa
1182 3274 1319 3356 quidem

511 3388 632 3461 mortui
643 3387 878 3470 conquiescant.
900 3379 1320 3467 Tantimaleficii'crimen,

511 3503 564 3565 cni
578 3501 735 3567 maleficio
752 3510 819 3566 tam
836 3499 956 3586 iufigne
969 3500 1156 3586 supplicium
1172 3500 1217 3564 est
1228 3482 1314 3566 ¹con-

506 3612 683 3696 stitutum,
707 3616 844 3700 probare
860 3622 917 3705 te,
941 3613 1068 3696 Eruci,
1093 3612 1200 3682 censes
1220 3613 1311 3704 poffe
