3650 4350
543 497 611 575 26⁸
739 490 811 562 IN
864 489 1153 569 vultuum
1210 476 1218 489 ⁶

544 670 671 744 dicere,
694 666 726 732 se
739 672 847 732 tacere
860 684 928 730 nou
944 664 1048 749 posse5
1068 672 1126 740 ut,
1146 662 1305 747 quamdiu
1318 663 1351 725 in

491 807 494 818 ·
546 780 663 848 ceteris
678 781 775 845 rebus
788 779 945 856 tacuerit,
960 779 1040 844 scire
1052 795 1164 842 omnes
1177 776 1350 860 possemus,

545 894 629 961 nihil
644 892 785 966 habuili'e
802 894 889 976 quod
909 891 1069 977 diceret.)
1090 892 1152 955 hoc
1165 898 1236 954 tum
1251 890 1351 967 dixit,

546 1004 833 1084 Philodamum&
846 1005 920 1090 ejus
936 1004 1054 1082 filium,
1066 1024 1085 1068 a
1098 1002 1134 1070 C·
1146 1002 1278 1068 Nerone
1290 1002 1351 1068 else

503 1120 727 1194 zadamnatos.
762 1119 813 1186 De
833 1139 901 1204 quo
915 1140 957 1183 ne
973 1119 1075 1184 multa
1095 1116 1262 1194 disseram,
1281 1126 1352 1180 ton·

545 1242 616 1322 tum
633 1235 726 1311 dico,
748 1234 895 1324 locutum
908 1233 942 1299 id
957 1232 1218 1307 esse‘Nerouem,
1234 1230 1270 1296 δι
1286 1232 1352 1315 ejus

546 1345 732 1425 confilium,
745 1350 832 1431 quod
848 1348 1035 1414 Cornelium
1047 1343 1194 1410 littorem
1211 1345 1353 1409 occisum

546 1460 610 1525 esse
625 1459 805 1525 constaret:
823 1459 948 1544 putaiie
963 1481 1029 1525 non
1043 1468 1192 1543 oportere
1205 1457 1267 1523 esse
1283 1460 1352 1523 cui-

544 1594 644 1658 quam
656 1618 667 1650 ‚
680 1594 721 1637 ue
737 1575 770 1636 in
788 1574 969 1639 ulciscenda
983 1574 1114 1656 quidem
1133 1571 1270 1655 injuria,
1291 1574 1353 1636 ho·

542 1687 640 1751 minis
659 1686 827 1751 occidendi
845 1686 1048 1771 potestatem.
1088 1686 1128 1750 ln
1151 1703 1218 1769 quo
1239 1686 1351 1764 video,

542 1796 684 1864 Neronis
699 1799 823 1881 judicio
838 1821 904 1865 uon
920 1808 953 1865 te
970 1801 1150 1866 absolutum
1160 1792 1350 1885 elloimpro·

541 1913 674 1992 bitatis,
687 1913 739 1978 sod
752 1915 825 1979 illos
840 1918 1009 1980 damnatos
1024 1913 1085 1978 else
1098 1912 1206 1975 caudis.
1225 1911 1349 1990 Verum

543 2025 602 2091 ista
615 2029 778 2092 damnatio
796 2040 905 2094 tamen
918 2026 1097 2110 cujusmodi
1109 2024 1195 2089 luit?
1213 2026 1348 2117 Audite,

412 2184 414 2189 -
455 2171 468 2207 ς
541 2142 671 2225 quaeso,
685 2142 829 2225 judicer,
846 2141 881 2207 dr
899 2141 1072 2225 aliquando
1089 2137 1282 2203 miseremini
1302 2141 1348 2211 so-

542 2256 692 2333 ciorum,
719 2255 755 2321 dt
777 2254 955 2332 ostendite,
980 2254 1101 2337 aliquid
1122 2253 1173 2318 his
1193 2254 1348 2320 invelira

469 2379 532 2466 29
545 2367 607 2473 lide
625 2369 762 2454 praefidii
784 2367 846 2434 elle
863 2377 1026 2454 oportere.
1068 2367 1166 2444 Quod
1186 2368 1247 2430 toti
1264 2366 1347 2432 Aue

539 2481 611 2566 jure
629 2484 751 2557 occisus
762 2483 933 2550 videbatur
942 2481 1034 2547 istius
1045 2481 1116 2559 ille,
1128 2481 1225 2544 verbo
1238 2478 1348 2562 Ῑὶἃοτ,

538 2616 575 2660 re
604 2616 680 2661 vera
707 2595 849 2660 minister
875 2577 1349 2679 improbiilimae'cupiditatis3

446 2765 451 2777 .
537 2709 709 2792 pertimuit
722 2709 779 2774 iste
787 2730 849 2787 ,ne
860 2709 1064 2774 Philodamus
1074 2707 1212 2771 Neronis
1223 2706 1347 2789 judicio

537 2820 745 2886 liberaretur.
768 2834 859 2904 rogat
874 2822 908 2887 dr
924 2829 999 2886 orat
1011 2820 1228 2895 Dolabellam,
1246 2831 1285 2884 ut
1305 2823 1346 2885 de

464 3004 468 3020 ,
535 2935 594 3002 sua
613 2933 779 3019 provincia
800 2935 954 3022 decedat:
980 2935 1021 2999 ad
1039 2933 1199 2999 Neronem
1213 2932 1347 3016 profici·

536 3045 668 3114 icatur:
702 3047 733 3110 se
757 3048 950 3113 demonstrat
975 3048 1170 3112 incolumem
1192 3046 1255 3111 elle
1277 3069 1345 3113 nou

535 3159 623 3245 posse
633 3206 645 3239 ‚
665 3157 689 3224 fi
708 3159 894 3227 Philodamo
912 3163 1038 3239 vivere,
1054 3169 1151 3243 atque
1168 3140 1343 3243 aliquando

455 3277 457 3281 '
488 3272 673 3355 13Romam
689 3275 799 3342 venire
815 3275 964 3342 licuisset.
1003 3271 1192 3340 Commotus
1212 3273 1257 3338 est
1272 3273 1342 3339 Do·

532 3387 661 3454 labella.
684 3386 764 3452 fecit
777 3387 829 3466 id,
840 3392 928 3475 quod
944 3387 1039 3453 multi
1055 3387 1340 3475 reprehenderunt,

530 3500 781 3590 mexercitum,
798 3503 1019 3585 provinciam,
1040 3501 1162 3568 bellum
1176 3501 1340 3586 relinque·

527 3620 595 3692 ret,
617 3614 652 3683 dc
666 3614 701 3682 in
717 3612 825 3683 Aliam
830 3661 842 3698 ,
867 3616 1008 3694 hominia
1025 3611 1207 3702 oequiffimi
1224 3617 1338 3695 causa,
