3650 4350
563 388 578 410 ἱ
619 452 896 528 acrrours
930 457 970 523 11
1005 456 1104 525 ura.
1136 458 1166 523 1.
1233 462 1298 541 263

488 631 595 700 statim
604 634 645 697 ad
653 633 876 698 Philodamum
887 631 1025 713 migrare
1035 631 1065 697 se
1074 633 1295 697 diceretvelle.

491 747 617 833 Hospes
634 746 778 824 Jauitor,
799 746 855 829 qui
871 746 951 811 nibil
966 745 1193 829 suspicaretur,
1212 746 1297 812 veri·

488 873 559 939 rua,
574 881 616 926 ne
628 861 706 944 quid
718 860 752 922 in
766 859 831 942 ipso
842 859 872 924 se
887 858 1294 935 offenderetur,hominem

488 975 613 1040 summa
634 974 667 1037 vi
688 974 827 1039 retinere
842 973 954 1055 coepit.
994 973 1074 1050 lile,
1093 974 1148 1055 qui
1162 971 1293 1056 hospitia

487 1088 691 1171 relinquendi
711 1086 840 1151 causam
855 1087 994 1169 reperire
1012 1107 1075 1150 non
1093 1085 1209 1169 posset,
1229 1086 1293 1149 alia

485 1200 542 1268 libi
559 1201 684 1265 ratione
702 1202 788 1264 vlam
802 1200 931 1265 munire
949 1201 989 1263 ad
1009 1197 1153 1282 stuprum
1169 1201 1289 1283 coepit:

486 1311 661 1391 Rubrium,
674 1314 805 1377 delicias
820 1313 952 1389 suassin
966 1314 1116 1377 omnibus
1128 1312 1291 1395 ejusmodi

485 1429 584 1494 rebus
603 1426 783 1509 adjutorem
798 1428 891 1491 suum
909 1426 944 1493 oc
965 1405 1153 1503 conscium,
1177 1445 1291 1509 parum

484 1543 576 1607 laute
592 1541 749 1605 deversari
765 1542 861 1606 dicit:
879 1545 920 1606 ad
931 1543 1155 1635 Philodamum
1173 1540 1291 1605 deduci

485 1655 587 1739 jubet.
628 1653 727 1731 Quod
740 1655 795 1719 ubi
812 1656 856 1719 est
876 1641 1064 1722 Philodamo
1081 1657 1320 1732 nunciatum

483 1766 611 1831 tametsi
629 1776 700 1831 erat
714 1768 865 1851 ignarus,
880 1780 1036 1853 quantum
1053 1768 1110 1835 fibi
1127 1790 1164 1832 ac
1180 1770 1289 1834 liberie

483 1880 550 1945 suia
562 1879 629 1963 jam
647 1887 716 1945 tum
737 1882 814 1946 mali
830 1876 1099 1957 constitueretur,
1118 1893 1230 1946 tamen
1248 1883 1289 1945 ad

483 1993 579 2059 illum
595 1993 703 2072 venit3
722 1994 873 2071 ostendit,
890 2014 1007 2057 munus
1024 1994 1105 2057 illud
1117 1994 1206 2056 suum
1222 2013 1297 2078 non,

482 2106 567 2174 effe:
588 2107 637 2184 se,
655 2128 732 2174 curn
746 2110 812 2173 suae
828 2118 937 2192 partes
951 2106 1051 2173 essent
1060 2107 1219 2194 hospitum
1234 2126 1288 2170 re·

483 2223 727 2307 cipiendorum,
753 2234 826 2288 tum
845 2222 927 2306 ipsos
949 2230 1057 2285 tamen
1080 2218 1286 2305 praetores&

482 2337 626 2400 consules
634 2381 645 2413 ‚
654 2355 719 2400 non
731 2338 909 2418 legatorum
924 2334 1226 2418 asseclas‚recipere
1239 2333 1289 2397 so·

481 2451 561 2514 lere.
592 2447 672 2525 Iste,
688 2449 744 2531 qui
758 2469 825 2513 una
839 2451 1017 2536 cupiditate
1033 2458 1218 2532 raperetur,
1234 2456 1288 2545 tos

481 2573 552 2628 turn
572 2557 660 2627 illiba
678 2561 892 2645 postulatum,
911 2564 1106 2646 causamque
1122 2561 1290 2645 neglexita

481 2696 539 2760 per
555 2676 621 2740 vim
634 2676 674 2738 ad
689 2695 785 2753 eum,
809 2677 866 2759 qui
883 2678 1028 2761 recipere
1046 2696 1112 2741 non
1128 2677 1284 2755 debebat,

481 2789 641 2866 Rubrium
655 2789 770 2853 deduci
784 2789 965 2874 imperavit.
989 2791 1053 2856 Hic
1067 2791 1320 2870 Philodamus,2

479 2903 688 2985 posteaquam
700 2902 753 2986 jus
770 2904 860 2967 suum
873 2904 1018 2969 obtinere
1033 2924 1098 2969 non
1109 2905 1232 2987 potuit,
1242 2914 1284 2968 ut

479 3017 736 3094 humanitatem,
753 3017 1080 3099 consuetudinemque
1100 3017 1190 3080 suam
1207 3017 1293 3082 reti·'

480 3138 599 3205 neret,
622 3129 799 3194 laborabat.
843 3130 1059 3212 Homosqui
1077 3129 1200 3213 semper
1223 3131 1284 3196 ho·

479 3239 712 3324 subdidimus,
735 3220 1008 3326 ambillimusque
1026 3241 1206 3307 nostrorum
1224 3244 1285 3308 bo·
1313 3262 1320 3304 .·

478 3356 602 3423 minum
614 3354 812 3422 existimatus
832 3357 926 3434 esset,
947 3357 1050 3421 noluit
1064 3356 1167 3421 videri
1179 3357 1284 3441 ipsum

478 3467 574 3531 illum
592 3469 751 3534 Rubrium
772 3472 895 3536 invitus
914 3472 947 3535 in
968 3472 1102 3551 domum
1121 3469 1212 3539 suam
1232 3479 1285 3541 r‘e·

477 3580 621 3666 cepisse:
651 3582 856 3669 magnifices
878 3583 914 3653 u
936 3593 1072 3659 ornate,
1098 3592 1136 3648 ut
1158 3606 1231 3689 grat
1256 3591 1290 3653 io

700 3684 704 3695 .
1033 3695 1062 3762 R
1085 3717 1109 3784 4
