3650 4350
528 515 618 582 144,
676 489 754 564 no
798 485 1183 562 rronnrrvnt

529 669 657 734 iiantur
679 670 766 744 boec,
790 684 946 732 numeror
958 711 970 744 ,
991 663 1134 749 species,
1157 667 1230 748 ric,
1252 685 1321 755 quai

482 791 516 858 09
529 787 602 850 darn
618 784 716 848 etiarn
732 783 838 845 adres
857 781 981 865 aliquae
996 778 1143 847 affestio.
1193 783 1323 849 Numera

525 898 569 964 iic
588 895 876 979 comparabuntur,
898 894 993 977 plura
1008 894 1094 959 bono
1119 903 1161 959 ut
1179 898 1326 979 pauciori-

523 1015 584 1080 bus
597 1011 689 1077 bunia
702 1015 949 1090 anteponantur,
971 1008 1127 1091 pauciora
1138 1010 1233 1075 mala
1249 1012 1328 1076 maiia

523 1126 680 1213 pluribus,
703 1122 906 1186 diuturniora
920 1121 1003 1184 bona
1021 1115 1250 1201 brevioribus,
1271 1127 1330 1189 lou·

525 1239 608 1325 ge&
621 1239 686 1302 iate
697 1243 867 1319 pervagata
878 1232 1034 1316 augustin
1057 1236 1330 1322 exquibuaplurt

523 1356 608 1421 bona
622 1354 855 1434 propagentur,
880 1367 1019 1431 quaeque
1034 1348 1150 1430 piurea
1166 1350 1331 1417 imitentur

524 1464 560 1531 ait
580 1464 710 1529 iaciant.
756 1460 868 1546 Specie
889 1470 999 1524 autem
1018 1473 1281 1544 comparantur,
1301 1473 1331 1530 ut

523 1585 782 1661 anteponantur,
817 1593 890 1657 quae
923 1583 1053 1658 propter
1088 1574 1119 1638 se
1152 1577 1331 1659 etpeteodc

523 1692 616 1769 suut,
645 1691 704 1766 iis,
729 1708 802 1773 quae
823 1697 951 1770 propter
975 1688 1082 1763 cliui,
1107 1685 1143 1752 ὅτ
1164 1699 1205 1753 ut
1224 1692 1330 1784 innata

524 1812 623 1888 atque
638 1801 740 1879 infita,
763 1799 904 1865 assumtis
923 1800 955 1865 ἃ
973 1801 1184 1881 adventiciis,
1208 1804 1330 1889 integra

523 1916 767 1992 contaminatio,
786 1916 929 1996 jucunda
951 1915 1059 1977 minua
1076 1913 1254 1996 jucundis,
1278 1921 1329 1983 ho·

522 2033 611 2098 nesta
622 2029 694 2114 ipsra
709 2031 804 2093 etiarn
819 2029 964 2102 utilibus,
983 2028 1136 2109 proclivia
1150 2029 1329 2111 laboriofir,

521 2145 694 2214 necessaria
716 2164 779 2208 noo
797 2141 998 2217 neceiiariir,
1021 2141 1075 2204 sua
1093 2141 1211 2208 ciienio
1222 2191 1234 2224 ,
1261 2161 1327 2211 rara

519 2261 731 2343 vulgaribus,
761 2255 977 2320 defiderabilic
999 2256 1060 2330 iia,
1092 2255 1213 2338 quibua
1232 2260 1329 2325 focile

521 2393 631 2438 carere
652 2367 762 2451 poiiis,
785 2368 925 2450 perfetta
941 2369 1116 2453 inchoatio,
1139 2380 1210 2434 tota
1228 2373 1333 2456 parti«

520 2485 593 2556 buc,
615 2482 738 2545 ratione
755 2482 881 2544 utentia
897 2484 1031 2546 rationis
1047 2485 1249 2565 expertibua,
1272 2507 1326 2553 vo·

519 2595 659 2660 luntario
675 2593 864 2670 necessariis,
887 2596 1028 2659 animata
1045 2596 1247 2677 inanimatio,
1271 2618 1327 2664 nc·

520 2709 640 2771 turclic
656 2726 719 2770 non
736 2709 956 2783 naturalibus,
979 2707 1148 2772 artificiosa
1162 2729 1228 2775 non
1245 2712 1325 2777 arti·

474 2817 649 2901 poficiofia.
695 2820 754 2884 Vir
770 2833 877 2885 autern
891 2822 924 2884 in
941 2824 1181 2905 comparatione
1195 2822 1239 2887 fic
1256 2844 1326 2889 cer·

519 2936 620 3007 nitur,
642 2933 784 2999 efficiens
797 2935 889 2997 causa
902 2937 1039 3016 gravior,
1063 2955 1162 3016 quana
1173 2956 1239 3000 non
1252 2936 1325 3002 effi·

521 3051 629 3114 ciens:
653 3068 727 3130 quae
752 3047 856 3130 ieipfia
877 3058 1027 3113 contenta
1049 3049 1138 3123 sunt,
1169 3050 1323 3128 meliora,

520 3183 616 3249 quarn
634 3183 708 3244 qoae
727 3170 822 3245 egent
836 3162 926 3225 oliioc
950 3182 1021 3245 quae
1033 3162 1065 3224 in
1083 3161 1199 3238 nostra,
1222 3180 1324 3245 quam

519 3296 592 3360 quae
606 3277 639 3339 in
653 3277 787 3341 aliorum
802 3274 955 3357 potestate
968 3277 1056 3339 sunt:
1079 3276 1200 3340 stabilio
1217 3279 1323 3343 incer·

519 3392 584 3455 tic:
606 3409 680 3473 quae
693 3389 775 3469 eripi
789 3409 853 3452 non
866 3387 1009 3470 poffuot,
1023 3389 1075 3466 iis,
1098 3408 1170 3472 quae
1183 3390 1340 3471 potunt*

518 3501 660 3570 Affestio
680 3512 789 3565 autem
810 3504 848 3563 ad
866 3521 917 3564 rer
933 3503 1076 3585 aliquas,
1098 3503 1142 3568 est
1160 3478 1324 3584 hujoirao'·

446 3670 450 3680 .
516 3616 569 3685 di:
585 3603 774 3702 principum
786 3613 1130 3707 commoriamini,
1147 3613 1343 3688 quameu-

1046 3738 1050 3751 ·
1145 3731 1314 3796 quorum
