3650 4350
543 465 587 553 ψ
803 422 1114 536 ΟΗΑΤΪΟ

543 638 701 716 nonfuit,
722 638 774 705 scd
790 640 943 718 omnino,
964 644 1058 727 quid
1076 643 1199 709 Romae
1214 651 1317 728 agerat,

544 755 694 830 nesciret,
704 764 873 838 propterea
886 759 978 838 quod
992 758 1073 821 ruri
1085 755 1319 842 affiduus,qter
1342 815 1356 838 Ι

500 881 534 937 82
546 869 718 932 admodum
734 878 806 932 tute
828 868 1023 947 confiteris,
1043 871 1129 936 fuit.
1162 869 1321 948 Verecr‚r

545 993 604 1046 aut
621 980 771 1045 molestus
790 980 847 1046 fim
867 982 983 1059 vobis,
1003 983 1168 1065 judices,
1191 996 1248 1049 aut
1262 987 1323 1048 neit

543 1096 646 1177 geniis
665 1095 775 1159 vestris
789 1096 898 1160 videar
912 1093 1093 1176 diffidere,
1110 1097 1139 1160 fi
1160 1099 1205 1163 de
1219 1107 1278 1161 tam
1288 1118 1327 1188 prr·

542 1209 657 1291 spicuis
674 1210 768 1272 rebus
787 1208 906 1272 diutius
924 1207 1096 1273 differam.
1122 1211 1248 1274 Erucii
1262 1212 1329 1274 crini

541 1323 934 1397 natiotota‚utarbitror‚
950 1321 1114 1387 diffoluta
1133 1323 1204 1388 est:
1216 1323 1331 1388 nifiiort
1353 1361 1358 1372 ·

542 1434 746 1518 eximitatis,
759 1449 797 1498 ut
814 1435 868 1499 itta
886 1436 1024 1512 diluam,
1037 1455 1122 1518 quac
1141 1438 1188 1501 de
1204 1439 1334 1521 peculatu,

542 1566 581 1610 ac
597 1553 637 1610 dc
654 1548 807 1628 ejusmodi
823 1550 917 1611 rebus
931 1531 1205 1629 commentitiis,
1222 1551 1335 1614 inaudit

541 1662 633 1723 nobis
660 1670 735 1724 ante
755 1664 817 1724 huc
836 1671 964 1743 tempus
991 1680 1030 1724 ac
1060 1681 1187 1740 nova,
1216 1663 1335 1746 objecit:

542 1793 616 1855 quac
633 1775 711 1836 mihi
724 1777 733 1836 i
739 1773 779 1837 ste
798 1775 879 1837 visus
895 1775 940 1837 est
952 1796 993 1839 ex
1004 1775 1071 1838 alia
1084 1777 1247 1842 oratione
1256 1777 1338 1840 decla·

540 1907 646 1963 mare,
665 1908 761 1969 quam
776 1890 809 1950 in
821 1863 926 1950 alium
943 1907 1034 1951 reum
1050 1900 1340 1955 commentatam

539 2001 587 2065 ita
596 2022 701 2086 neque
712 2005 752 2065 ad
764 2003 883 2064 crimen
898 2000 1078 2083 parricidii,
1091 2021 1208 2087 neque
1217 2006 1260 2068 ad
1270 2024 1342 2078 eum,

539 2116 595 2198 qui
619 2118 744 2180 causam
769 2117 869 2202 dicit,
897 2114 1113 2198 pertinebant.
1156 2116 1213 2181 De
1240 2117 1343 2201 quibus

541 2232 694 2310 quoniam
708 2232 804 2294 verbo
817 2229 942 2309 arguit,
957 2228 1053 2292 verbo
1066 2228 1144 2291 satis
1159 2229 1209 2294 est
1221 2248 1343 2312 negare.

540 2342 573 2404 Si
590 2345 668 2425 quid
685 2345 751 2418 est,
771 2344 855 2424 qnod
871 2318 911 2406 ad
927 2342 1021 2406 testes
1038 2341 1203 2407 reservet:
1232 2344 1344 2407 ibinus

538 2476 685 2537 quoque,
697 2465 732 2516 ut
748 2458 781 2519 in
796 2457 859 2539 ipsa
876 2453 986 2530 causa,
999 2454 1182 2538 paratiores
1197 2457 1346 2540 reperiet,

472 2593 526 2678 30
539 2589 633 2649 quam
647 2570 793 2649 putabat.
823 2567 929 2633 Venio
946 2588 1030 2630 nunc
1046 2588 1105 2644 eo,
1123 2587 1193 2649 quo
1212 2590 1271 2633 me
1289 2588 1345 2632 nor

492 2684 526 2743 83
539 2681 700 2761 cupiditas
717 2682 825 2757 ducit,
836 2682 886 2745 sed
903 2681 995 2745 fides.
1012 2698 1086 2743 nam
1098 2677 1121 2742 fi
1133 2682 1218 2745 mihi
1235 2683 1346 2747 liberet

537 2794 708 2873 accusare,
725 2796 904 2857 accusarem
920 2796 1000 2857 alios
1018 2793 1144 2876 potius,
1162 2816 1205 2857 ex
1222 2796 1345 2879 quibus

535 2909 656 2996 possem
672 2908 829 2973 crescere:
846 2911 931 2989 quod
943 2917 1066 2969 certum
1080 2905 1123 2969 est
1139 2909 1347 2985 nonfacere,

537 3030 616 3090 dum
634 3023 793 3088 utrumvis
811 3023 928 3084 iicebit.
956 3022 990 3089 Is
1009 3021 1096 3084 enim
1113 3018 1195 3083 mihi
1212 3021 1346 3084 videtur

538 3135 763 3222 amplissimus,
784 3138 838 3218 qui
860 3136 913 3197 sua
932 3134 1054 3197 victute
1071 3134 1105 3195 in
1124 3133 1280 3197 altiorem
1297 3135 1348 3198 lo-

538 3274 611 3316 cum
626 3251 786 3335 pervenit,
798 3267 878 3313 non.
891 3244 947 3327 qui
962 3246 1121 3319 adscendit
1134 3263 1190 3327 per
1204 3246 1346 3310 alteriue

535 3367 776 3434 incommodum
786 3359 1063 3426 &calamitatem
1078 3355 1271 3421 Definamus
1283 3360 1345 3422 ali·

538 3484 666 3569 quando
680 3496 720 3542 ea
734 3472 868 3539 scrutari
879 3452 971 3553 {quac
987 3471 1057 3533 sunt
1068 3469 1195 3533 inaniat
1213 3490 1345 3554 quaera·

536 3617 627 3675 mus,
645 3594 701 3659 ubi
711 3586 906 3658 maleficium
918 3581 1068 3663 &est‚&
1080 3583 1220 3651 inveniri
1229 3582 1344 3673 petest.

893 3713 898 3722 ‘
1230 3696 1304 3773 hm

501 3818 578 3842 ὼ
