3650 4350
673 471 739 543 ,μ
831 447 891 520 ru
922 447 967 528 Q.
1000 443 1345 520 cauernrvn

671 633 727 698 illa
749 626 862 694 infami
890 645 930 691 ar
957 625 1099 691 nefaria.
1140 625 1271 710 Atque
1292 626 1323 690 ir
1350 637 1435 692 norb

670 717 803 830 propter
823 739 962 809 Verrem
986 739 1144 818 laborat,
1174 759 1289 824 quam
1314 742 1435 823 quoda

670 859 805 926 minime
824 875 876 920 rea
890 861 960 918 tota
975 851 1134 918 delettat.
1176 849 1294 920 Videt
1309 854 1411 933 enim,
1426 853 1435 918 i

672 972 782 1059 pueris
794 968 973 1045 nobilibus,
982 985 1065 1049 quor
1074 965 1192 1032 adhuc
1207 964 1339 1046 eluiit3
1355 966 1435 1052 iiaqr

670 1083 912 1170 druplatoribur
920 1125 931 1159 ,
947 1099 1031 1164 quor
1045 1099 1115 1160 non
1128 1078 1204 1146 tine
1218 1080 1326 1148 causa
1337 1091 1435 1148 conten

672 1200 813 1284 semper,
827 1215 866 1260 ac
880 1193 1054 1279 pronihilo
1067 1195 1230 1277 putruit,
1249 1195 1435 1260 accusandir

669 1315 779 1381 luntas
793 1311 834 1375 ad
852 1307 939 1372 viros
951 1307 1070 1384 furter,
1087 1303 1336 1394 spettatorque
1351 1310 1435 1374 homi

669 1426 827 1493 translata
835 1421 891 1498 fit,
900 1421 931 1486 se
942 1421 975 1484 in
988 1420 1117 1504 judiciir
1126 1421 1307 1487 dominari
1319 1444 1389 1489 nnn
1399 1441 1435 1508 pu

630 1537 658 1622 8
673 1540 761 1606 Huic
778 1558 838 1620 ego
851 1535 974 1600 bomini
987 1532 1053 1616 jam
1069 1542 1146 1626 ante
1160 1536 1358 1615 denuntio,
1372 1536 1435 1601 m:

623 1641 659 1696 ²⁵
671 1654 799 1719 causam
816 1651 899 1714 hanc
913 1669 972 1712 vor
988 1648 1040 1730 agi
1051 1647 1246 1727 volueritis,
1262 1651 1430 1717 rationu

667 1764 864 1832 defendendi
878 1771 983 1826 totam
1001 1760 1064 1826 effe
1077 1763 1301 1844 mutandam
1328 1764 1368 1830 &
1381 1765 1426 1829 ita

667 1900 743 1948 rnen
763 1878 979 1952 mutandam,
1009 1885 1048 1939 ut
1072 1875 1212 1940 meliore
1240 1876 1282 1944 ὅι
1306 1877 1435 1944 honesti

666 1994 853 2061 conditione
874 1990 930 2066 fit,
948 2007 1047 2072 quam
1066 2007 1130 2072 qua
1150 1988 1220 2072 ipse
1236 1989 1309 2056 effe
1331 1993 1427 2070 vult;

664 2112 812 2179 imitetur
826 2105 974 2169 homines
988 2121 1043 2168 eos
1053 2147 1063 2178 ,
1075 2121 1158 2187 quor
1171 2102 1239 2186 ipse
1250 2105 1345 2171 vidit
1358 2107 1435 2192 amp]

663 2224 781 2299 fimus,
798 2216 1034 2286 ueratrum&
1045 2216 1312 2297 marmonium
1331 2222 1435 2307 quini

664 2340 697 2403 se
708 2335 947 2400 arbitrabantur
962 2333 1001 2393 ad
1017 2329 1137 2412 judicia
1152 2331 1341 2417 causasque
1359 2335 1435 2399 amir

663 2471 755 2525 rum,
770 2455 882 2531 praeter
894 2443 992 2508 fidem
1005 2442 1039 2508 &
1051 2443 1231 2525 ingenium,
1245 2442 1372 2512 afferre
1384 2468 1435 2534 opt

663 2571 746 2627 tere.
780 2560 872 2625 Nihil
888 2559 966 2633 erit,
983 2558 1089 2641 quod,
1106 2577 1159 2623 me
1173 2566 1315 2639 agente,
1335 2563 1435 2629 arbitr

662 2683 743 2750 tur,
771 2672 931 2756 judicIum
952 2668 1017 2733 fine
1039 2688 1156 2755 magno
1179 2671 1366 2739 multorum
1389 2696 1435 2759 per

613 2800 651 2862 aa
663 2788 739 2851 culo
749 2783 834 2869 posse
844 2784 1021 2866 corrumpi.
1043 2783 1112 2865 Ego
1126 2783 1159 2846 in
1173 2783 1235 2847 hoc
1249 2782 1378 2867 judicio
1392 2790 1435 2855 mi

660 2899 846 2965 Siculorum
862 2898 988 2960 causam
1002 2905 1179 2979 receptam,
1200 2899 1313 2981 populi
1327 2901 1435 2968 Roma

656 3014 835 3099 susceptam
857 3010 920 3077 effe
945 3010 1100 3075 arbitror:
1123 3016 1162 3073 ut
1185 3010 1265 3077 mihi
1283 3032 1353 3077 nou
1380 3036 1435 3081 um

656 3130 756 3197 homo
783 3127 949 3210 improbus
978 3123 1204 3208 opprimendus
1227 3122 1290 3202 iit,
1313 3126 1349 3191 id
1376 3148 1435 3212 qur

654 3240 759 3308 Siculi
783 3240 994 3325 petiverunt,
1016 3236 1068 3300 sed
1093 3236 1225 3300 omnino
1246 3237 1435 3325 improbitar

652 3358 687 3422 id
706 3355 793 3439 quod
816 3352 956 3438 populus
977 3349 1143 3413 Romanus
1158 3349 1283 3432 jamdiu
1308 3350 1435 3436 flagitat

649 3468 881 3552 exstinguenda
899 3473 998 3547 atque
1018 3463 1153 3527 delenda
1170 3461 1218 3526 fit.
1250 3465 1289 3527 In
1309 3484 1376 3547 quo
1396 3488 1435 3551 eg

646 3583 726 3672 quid
749 3582 856 3663 eniti,
881 3587 939 3647 aut
959 3576 1037 3664 quid
1053 3573 1184 3645 efficere
1206 3574 1343 3665 poiiim,
1365 3582 1435 3647 mai
