3650 4350
711 509 714 516 .
786 453 1102 576 toulon.
1294 478 1360 548 135

554 636 644 702 velut
665 652 728 712 ea,
750 651 823 717 quae
846 653 920 700 eum
937 635 1046 719 aliquo
1071 635 1298 700 conferunturz
1320 641 1359 701 ut

553 751 710 832 duplum,
732 744 902 832 iimplurnr
924 750 1044 828 multa,
1065 766 1187 833 panca:
1210 750 1355 832 longum,

552 863 672 928 breve:
694 859 813 943 rnajua,
835 862 956 927 rnlnua.
999 860 1083 927 Sunt
1101 861 1198 925 etiarn
1216 862 1273 926 illa
1285 861 1357 926 val·

555 977 598 1046 de
618 975 793 1053 contraria,
814 993 887 1059 quae
903 975 1107 1059 appellantur
1119 974 1280 1057 negantia.
1315 991 1355 1041 ea

544 1084 728 1167 ,anemae
748 1085 875 1166 Graeci,
905 1089 1065 1152 contraria
1084 1086 1268 1171 aientibus:
1297 1096 1356 1164 ut,

546 1196 588 1263 ¹Si
609 1199 670 1264 hoc
687 1198 750 1277 est,
771 1200 852 1267 illud
872 1221 938 1266 non
957 1201 1039 1270 est..
1059 1200 1147 1276 Quid
1163 1200 1251 1264 enirn
1270 1210 1353 1283 upu‘a

549 1313 776 1398 exemploestt
799 1322 929 1380 tantum
941 1313 1151 1396 intelligatur,
1161 1295 1351 1395 argumento

512 1459 515 1465 ν
547 1403 747 1511 querendo,
765 1429 933 1497 contrariis
949 1424 1098 1495 omnibu.
1111 1426 1271 1491 contraria
1285 1444 1352 1489 non

543 1541 731 1607 eonvenite.
782 1560 788 1577 ·
850 1554 863 1580 ·
1339 1599 1351 1631 ,

602 1654 662 1719 ‘Ab
677 1653 835 1738 adjunfflr
848 1660 957 1718 autern
971 1653 1060 1738 posui
1075 1652 1225 1736 equidem
1240 1671 1349 1726 exem·
1366 1656 1416 1723 12

539 1767 634 1851 'plum
646 1761 741 1851 paulu
756 1778 843 1845 ante,
866 1768 968 1831 nrulta
980 1766 1100 1833 scilicet
1113 1765 1255 1849 adjungi,
1274 1784 1347 1848 quae
1359 1748 1393 1804 ⁵⁰

480 1913 485 1917 ·
543 1879 739 1963 suscipienda
753 1880 867 1958 effert,
888 1878 1173 1958 fistatuissemur,'
1184 1900 1224 1942 ex
1240 1877 1346 1943 edteto

542 1991 716 2057 secundum
730 2010 787 2056 eaa
799 1993 925 2058 tabulae
940 1990 1155 2089 poffefljonem
1169 1993 1249 2068 dari,
1266 2009 1346 2076 quaa
1375 2057 1378 2062 ,

543 2104 574 2167 ia
590 2102 787 2184 instituiffet,
812 2105 868 2169 eui
883 2104 1064 2197 testamenti
1078 2103 1178 2173 attio
1196 2104 1283 2168 nulla
1298 2102 1347 2168 es-

542 2216 611 2295 set.
646 2213 709 2282 Sed
736 2221 829 2284 loeua
853 2219 906 2283 hic
931 2219 1032 2303 magia
1051 2222 1091 2284 ad
1114 2217 1346 2301 conjetturalea

542 2329 665 2410 causae,
681 2351 755 2417 quae
767 2331 974 2398 versanturin
985 2331 1127 2416 judiciis,
1143 2333 1244 2397 valet:
1268 2349 1346 2394 curn

535 2445 719 2529 quaritur,
741 2446 817 2531 quid
831 2455 887 2512 aut
899 2445 948 2526 fit,
971 2447 1202 2523 antevenerit,
1224 2452 1283 2509 aut
1292 2445 1345 2509 fu·

539 2563 652 2622 turum
666 2557 722 2636 srt,
744 2569 818 2639 aut,
841 2562 919 2645 quid
933 2561 1065 2625 omnino
1082 2559 1153 2624 fieri
1164 2555 1266 2643 potiit.
1298 2559 1344 2622 At
1355 2561 1388 2620 51

538 2670 604 2737 loci
619 2672 747 2755 quidern
762 2671 860 2758 ipfiue
873 2675 978 2738 forma
991 2673 1065 2737 talia
1081 2671 1136 2736 est.
1181 2671 1345 2737 Admonet
1378 2730 1380 2739 ,

537 2791 649 2849 autem
663 2786 716 2850 hic
729 2787 834 2864 locun,
846 2794 883 2850 at
895 2793 1068 2869 quaeratur,
1086 2784 1164 2868 quid
1176 2794 1251 2849 ante
1260 2804 1342 2862 rem,

533 2899 617 2984 ,quid
631 2918 703 2964 cum
718 2919 772 2978 re,
796 2900 873 2983 quid
886 2898 954 2982 post
969 2918 1038 2962 rem
1053 2898 1207 2962 evenerit.
1253 2898 1343 2962 Nihil

536 3009 602 3074 hoc
621 3013 661 3075 ad
680 3007 753 3094 jun
775 3014 816 3076 ad
832 3012 1041 3092 Ciceronem,
1063 3011 1211 3093 inquibat
1228 3007 1344 3074 Gallus

537 3119 656 3199 nester,
678 3121 787 3207 fiquin
802 3127 842 3189 ad
855 3145 933 3190 eum
947 3124 1011 3189 tale
1023 3124 1099 3208 quid
1117 3124 1282 3199 retulerat,
1304 3128 1344 3186 ut
1363 3192 1365 3199 Α

538 3237 580 3299 de
594 3233 679 3299 tatio
693 3247 903 3319 quaereretur.
932 3246 1091 3302 tutamen
1107 3236 1245 3320 patiere,
1269 3235 1346 3298 nul·

536 3348 608 3414 lum
630 3367 650 3412 a
675 3369 727 3414 me
753 3352 831 3417 artie
854 3349 1007 3415 institutae
1032 3352 1138 3414 locum
1165 3346 1342 3434 praeteriri3

535 3480 597 3539 ne,
619 3460 641 3524 s1
657 3463 755 3541 nihil,
777 3461 834 3529 nili
849 3468 934 3547 quod
956 3466 996 3528 ad
1014 3473 1047 3530 te
1065 3463 1242 3548 pertineat,
1266 3458 1343 3524 seri·

526 3573 669 3643 bendum
680 3578 810 3662 putaris
816 3624 828 3661 ,
853 3579 1058 3651 nimietate
1072 3596 1183 3645 amare
1201 3574 1346 3645 utem.

1117 3697 1190 3784 M.
