3650 4350
442 452 446 460 ’
552 486 597 572 o
797 475 1106 570 ononon

481 659 540 747 4ο
554 657 641 742 plis?
662 660 788 724 tanturn
799 666 931 726 notetur
942 660 1046 726 iocur.
1090 657 1144 725 Sic
1157 651 1260 746 igitur
1271 654 1351 730 dicet

481 753 535 814 ¹³⁷
552 771 625 852 sile,
647 790 743 858 quem
757 772 956 856 expetinnr,
977 781 1017 839 ut
1032 772 1133 841 verset
1146 774 1230 857 sirpe
1245 777 1351 842 multia

553 886 658 954 rnodie
676 886 811 951 eandem
831 884 866 951 dr
886 904 984 953 unnrn
1005 906 1093 965 rern3
1121 884 1156 954 dr
1177 889 1301 955 haerent
1318 891 1350 955 in

550 1003 664 1067 endem
675 1007 955 1083 commoreturque
965 992 1135 1079 sententin;
1158 999 1349 1086 saepeetsnnr

550 1122 590 1179 nt
613 1119 767 1178 extenuet
789 1113 936 1197 nisquid;
966 1112 1049 1197 saepe
1069 1121 1109 1178 nt
1124 1113 1280 1195 irrident3
1317 1120 1350 1180 ut

551 1226 690 1292 declinet
705 1243 725 1288 n
738 1222 897 1308 propofito
912 1225 1125 1309 deflestntque
1140 1227 1348 1293 sententitmr

548 1348 589 1403 ut
602 1346 769 1423 proponet,
782 1339 858 1423 quid
869 1336 1013 1403 didturus
1022 1335 1076 1404 srtr
1099 1347 1148 1417 ut,
1164 1360 1238 1404 cunr
1251 1337 1349 1407 trans-

550 1452 654 1537 egerit
665 1450 731 1535 jann
746 1451 882 1534 aliquid,
905 1450 1054 1516 definiat:
1077 1460 1114 1516 nt
1129 1450 1159 1517 se
1174 1453 1239 1537 ipse
1255 1472 1349 1521 revo-

548 1575 626 1633 cett
648 1572 711 1644 nt,
735 1566 821 1648 quod
843 1564 944 1643 dinit,
967 1564 1083 1629 iteretr
1113 1575 1151 1628 ut
1174 1583 1348 1649 argumen-

547 1686 622 1744 tunr
640 1678 762 1743 ratione
782 1678 975 1742 conciudatr
998 1686 1035 1742 nt
1052 1678 1279 1762 interrogando
1293 1700 1348 1744 nr·

548 1798 643 1875 gente
665 1798 702 1855 ut
717 1789 822 1855 rursus
837 1788 921 1872 qunfi
939 1791 980 1855 nd
998 1791 1195 1875 interrogate
1210 1790 1267 1857 fibi
1284 1794 1347 1878 ipse

548 1904 754 1989 respondente
796 1909 981 1980 utcontra,
1006 1920 1044 1967 nc
1064 1905 1169 1982 dicat,
1193 1906 1295 1990 accipi
1313 1905 1347 1973 dt

545 1997 655 2085 sentiri
668 2018 762 2084 velit:
783 2024 823 2082 ut
839 2016 1027 2095 addubitet,
1050 2017 1265 2100 qnidpotiur,
1291 2025 1347 2084 eut

464 2120 476 2175 '·
546 2134 708 2221 quomodo
721 2126 828 2200 'dicate
851 2139 889 2197 ut
903 2124 1027 2196 dividet
1043 2130 1077 2194 in
1088 2138 1213 2214 partes:
1236 2138 1274 2196 ut
1287 2132 1347 2198 nsi·

496 2272 498 2279 ·
546 2250 626 2339 qnid
641 2248 801 2329 relinqunt
820 2264 858 2309 no
878 2240 1037 2327 negligat:
1060 2249 1187 2308 utente
1203 2265 1346 2328 praenru·

545 2361 635 2424 nint:
657 2365 695 2423 nt
715 2357 809 2423 ineo
829 2353 911 2438 ipso,
934 2356 969 2418 in
993 2375 1058 2438 qno
1079 2357 1347 2441 reprehendatur,

470 2478 527 2559 131
546 2469 675 2552 colpam
697 2468 733 2532 sn
755 2465 967 2532 adversarium
990 2470 1152 2535 conserntr
1196 2477 1236 2535 nt
1261 2469 1347 2557 saepe

545 2601 620 2646 eum
640 2579 703 2658 111,
734 2579 792 2661 qni
811 2573 967 2660 rudiunt,
989 2600 1228 2665 nonnumquam
1245 2586 1346 2649 etiam

545 2712 620 2760 curn
636 2691 813 2763 ndversario
829 2691 917 2778 qunfi
930 2694 1102 2761 deliberet·
1124 2703 1161 2761 ut
1175 2697 1345 2763 hominum

420 2828 422 2833 ⁴
544 2808 705 2873 sermones
721 2805 887 2891 moresque
903 2806 1074 2873 describntt
1095 2818 1133 2873 nt
1147 2817 1238 2874 muta
1252 2830 1345 2893 quae·

545 2921 617 2985 darn
634 2920 798 3004 loquentia
809 2921 958 2986 induente
971 2928 1017 2985 'ut
1034 2921 1075 2986 nb
1094 2941 1152 3000 eo,
1174 2925 1261 3005 quod
1274 2925 1347 3006 agio

435 3026 438 3033 ’
543 3036 616 3114 tur,
638 3042 762 3100 evertat
778 3034 924 3098 animos:
945 3040 983 3099 ut
996 3033 1079 3117 saepe
1095 3032 1130 3097 sn
1141 3033 1344 3105 hilaritatem

505 3124 507 3129 ¹
542 3146 683 3213 risumve
702 3154 890 3214 convertet:
918 3151 1049 3210 utente
1070 3117 1222 3231 occupet,
1254 3148 1342 3232 quod

436 3256 438 3261 ’
477 3340 482 3357 Ι
542 3260 654 3329 vident
664 3261 799 3345 opponi:
821 3267 859 3325 ut
874 3264 1037 3344 conparet
1045 3256 1283 3355 similitudines:
1306 3267 1344 3325 nt

543 3381 661 3441 utatur.
676 3372 832 3457 exemplis
850 3391 861 3436 r
882 3379 921 3436 ut
937 3369 1025 3436 eliud
1046 3372 1103 3438 alsi
1116 3373 1261 3439 tribuens
1280 3371 1344 3435 dis·

541 3487 680 3572 pertint:
695 3492 741 3550 ut
758 3483 1030 3571 Interpellntorern
1046 3486 1208 3552 coercente
1229 3489 1267 3546 nt
1281 3482 1342 3547 nli·

543 3599 624 3685 quid
646 3590 782 3692 tetdoere
801 3597 853 3664 se
859 3595 974 3663 dicet·
996 3602 1042 3666 11
1053 3596 1242 3673 denuntiet,
1265 3593 1344 3679 qnid

1145 3716 1302 3778 enuennte
