3650 4350
560 395 613 488 33
775 365 1129 494 ¹oneror.

571 571 696 638 ratione
709 572 862 667 quadam,
886 571 939 637 led
951 571 1062 637 alioln
1076 586 1197 653 genere
1210 563 1383 649 ontiouir,

571 686 607 750 in
629 686 691 750 hoc
717 687 848 751 omuino
869 686 1084 769 relinquendi.
1116 683 1265 749 solutum
1292 686 1383 767 quid·

571 802 646 867 dam
657 797 706 876 fit,
729 820 789 865 uee
802 819 920 884 ragom
936 808 1056 875 tamen,
1079 807 1116 863 nt
1128 797 1259 880 ingredi
1269 797 1384 874 iibere,

571 932 637 978 non
653 922 692 978 ut
705 913 840 978 licenter
852 913 998 979 videatur
1010 928 1130 1008 errare.
1154 908 1270 977 Verba
1281 911 1384 977 etiam

571 1027 680 1093 verbie
702 1020 790 1109 qdati
817 1034 1042 1109 coagmentare
1069 1023 1222 1107 negligat.
1274 1025 1388 1090 Habet
1414 1012 1420 1020 ’

572 1139 660 1205 enim
675 1140 730 1204 ille
743 1149 909 1223 tamquam
922 1139 1030 1205 hiatur
1041 1138 1197 1204 concursu
1213 1136 1384 1205 vocalium

572 1252 674 1318 molle
691 1253 860 1334 quiddam,
883 1252 918 1317 &
933 1254 1019 1337 qood
1032 1251 1153 1317 indicet
1167 1270 1233 1316 nou
1249 1252 1386 1336 ignora·

573 1371 642 1428 tam
660 1366 910 1448 negligentiam,
935 1367 975 1429 de
994 1386 1053 1446 re,
1074 1365 1241 1443 hominia,
1276 1365 1387 1448 magir

528 1493 565 1556 78
575 1468 680 1563 quam'
688 1479 728 1544 de
742 1479 861 1556 verbio,
882 1478 1069 1545 liberantis.
1114 1475 1177 1545 Sed
1189 1477 1389 1572 eritviden·
1424 1451 1429 1484 ⁴

572 1595 651 1657 dum
669 1594 710 1658 de
733 1592 887 1679 reliquia,
909 1611 986 1656 cum
1002 1591 1073 1657 hac
1086 1593 1153 1658 dno
1173 1592 1206 1659 ei
1225 1591 1389 1659 liberiora
1425 1621 1429 1630 ·

571 1705 713 1782 inerint,
743 1705 919 1783 circuitur,
948 1704 1389 1800 conglutlnatioque'rerbo·

573 1837 658 1883 rum.
686 1819 749 1884 Illa
764 1819 852 1885 euim
866 1817 932 1902 ipsa
945 1815 1109 1882 contratta
1124 1816 1158 1884 dr
1175 1817 1303 1911 minuta
1316 1839 1390 1887 non

570 1932 773 2017 negligenter
781 1926 946 1999 trudanda
957 1930 1110 2009 sunt3sed
1119 1932 1270 2014 quaedam
1280 1925 1388 2001 'etiam

570 2045 768 2131 negligentia
777 2045 822 2113 est
831 2046 979 2131 diligeua.
1004 2043 1089 2109 Nam
1103 2052 1141 2108 ut
1155 2044 1308 2112 mulieres
1321 2044 1389 2114 effe

571 2160 725 2230 dicuntur
744 2159 908 2226 nonnullae
932 2158 1107 2237 inornatae,
1130 2178 1212 2244 quaa
1228 2158 1386 2245 idipsum

572 2276 703 2340 deceat:
726 2271 768 2337 fio
780 2273 850 2335 hec
863 2271 986 2338 subtilia
1002 2274 1107 2336 oratio
1122 2274 1221 2339 etiam
1236 2271 1387 2341 incomta

572 2383 724 2449 deleant.
755 2382 818 2447 vFit
830 2383 918 2449 enirn
931 2383 1083 2471 quiddam
1096 2385 1129 2451 in
1142 2374 1291 2469 utroque,
1314 2400 1388 2470 quo

573 2496 611 2566 fit
627 2495 802 2575 venustius,
826 2496 957 2567 sednon
973 2506 1014 2562 ut
1028 2508 1190 2582 appareat.
1225 2498 1316 2565 Tum
1331 2520 1389 2566 re·

468 2604 471 2611 ’
573 2611 758 2677 movebitur
770 2609 876 2676 omnia
885 2608 1014 2694 infignir
1028 2622 1171 2691 ornatus,
1194 2611 1282 2694 quai
1294 2633 1390 2680 mar.

552 2723 763 2807 genitarum.
795 2745 837 2788 ne
850 2722 1019 2789 calamistri
1032 2725 1165 2807 quidem
1179 2727 1388 2794 adhibebun-

528 2845 637 2919 29tur.
681 2835 794 2905 Furati
814 2854 890 2905 vero
915 2836 1151 2907 medicamenta
1173 2840 1321 2904 eandorlr
1348 2841 1387 2910 de

433 2932 439 2951 Ι
509 3040 512 3045 ι
571 2950 698 3020 roboria
722 2951 830 3015 omnia
850 2951 1067 3035 repellentur:
1089 2951 1250 3036 elegantia
1265 2957 1384 3035 modo,

570 3060 608 3130 dr
629 3065 787 3159 munditia
808 3064 1000 3133 remanebit.
1046 3061 1157 3128 Sermo
1179 3084 1277 3163 purua
1297 3068 1385 3148 erit,

571 3176 608 3247 dt
626 3177 779 3244 Latinus:
801 3178 943 3244 dilucide
957 3178 1117 3261 planeque
1132 3179 1275 3245 dieeturz
1298 3183 1384 3263 quid

505 3294 560 3385 24
572 3295 697 3370 deceat,
710 3289 996 3377 circumspicietur.
1041 3290 1148 3356 Unum
1161 3290 1278 3372 aderit,
1289 3297 1384 3376 quod

572 3415 726 3489 quartum
746 3413 896 3469 numerat
909 3403 1148 3489 Theophrastus
1164 3406 1199 3469 in
1219 3405 1383 3474 orationis

448 3506 514 3698 ι
571 3516 738 3600 nudibus,
761 3525 915 3587 ornatum
932 3519 1039 3600 illud,
1058 3502 1159 3587 imre
1173 3517 1212 3584 bt
1227 3496 1394 3587 aduena
1418 3594 1422 3601 Ι
