3650 4350
414 503 479 566 ιη
676 459 996 544 ΟΚΑΤΪσ

415 664 470 721 tot
487 651 660 738 propinqui
677 652 882 736 cognatique
903 637 1042 735 optime
1061 629 1192 721 mnrnie
1219 643 1223 648 ¹

417 773 470 831 tes
480 789 490 843 3
501 785 566 851 qua
575 761 916 852 rationefastumest,
929 771 974 828 ut
980 763 1044 830 iste
1052 770 1196 848 tuneclin

420 879 548 945 sceleris
565 878 614 940 tui
633 877 786 951 nuntius,
813 873 858 942 Τ.
876 876 1009 942 Roscio
1025 880 1200 966 Cepitonipe

392 991 573 1080 ‚qtiffimum
590 988 784 1054 nuntiaret?
816 991 967 1056 Occisus
982 991 1036 1056 est
1055 1014 1076 1056 a
1094 1014 1204 1061 coenrn

423 1108 526 1172 diens.
546 1104 690 1167 nondum
705 1103 854 1179 lucebat,
870 1123 958 1168 cum
968 1105 1124 1172 Ameriae
1137 1083 1208 1174 icitur

422 1219 479 1286 est.
513 1217 601 1293 Quid
617 1216 669 1279 hic
685 1216 883 1309 incredibilis
900 1204 1060 1284 cursus?
1082 1221 1156 1303 quid
1171 1223 1212 1286 hm

421 1340 516 1396 tanta
538 1329 684 1392 celeritas
707 1327 936 1412 festinatioque
955 1328 1152 1414 fignificat?
1168 1333 1216 1398 Nor

424 1464 556 1529 quaero,
582 1442 656 1524 quis
671 1440 866 1524 percusserit.
891 1442 984 1508 nihil
1003 1444 1074 1523 est,
1091 1445 1217 1524 Glaucir,

424 1559 511 1643 quod
534 1563 671 1618 metuas.
698 1574 763 1618 non
778 1555 907 1618 excutio
925 1563 988 1633 te,
1017 1556 1046 1621 fi
1064 1561 1146 1644 quid
1162 1563 1223 1626 forn

423 1666 733 1743 ferrihabuisti3non
743 1666 973 1743 scrutor3nihil
984 1653 1098 1737 adme
1108 1676 1225 1741 arbitror

422 1784 594 1868 pertinere.
610 1781 762 1864 quoniam
770 1825 781 1857 ‚
792 1778 886 1861 cujus
895 1779 1039 1848 confilio
1053 1788 1182 1852 occisus
1191 1787 1226 1866 sn,

422 1897 575 1973 invenio;
598 1894 689 1976 cujus
707 1911 804 1958 manu
826 1890 865 1956 fit
880 1895 1079 1978 penufius,
1105 1921 1174 1965 non
1192 1904 1227 1966 la.

423 2012 503 2078 bono
543 2008 651 2074 Unum
670 2005 851 2084 hocsem,
874 2010 963 2090 quod
978 2011 1069 2076 mihi
1088 2023 1228 2097 apertum

423 2135 518 2191 tuum
534 2123 633 2190 scelus
650 2141 766 2205 resque
779 2118 943 2187 manifesta
958 2124 1031 2188 dat.
1070 2124 1141 2193 Ubi
1148 2149 1167 2203 ,·
1183 2137 1229 2193 eut

422 2242 509 2304 unde
524 2236 647 2301 audivit
662 2233 829 2298 Glaucia?
850 2235 905 2319 qui
925 2240 993 2299 tam
1012 2238 1100 2303 seito
1117 2241 1230 2308 scivit?

421 2349 485 2415 Fac
503 2344 620 2411 audiffe
635 2344 751 2410 statim.
783 2346 867 2424 Quae
885 2367 938 2411 res
955 2369 1034 2415 eum
1052 2353 1160 2420 nome
1174 2377 1230 2420 um

420 2468 550 2524 tantum
565 2457 689 2520 itineris
707 2459 902 2524 contendere
918 2462 1057 2545 coi'git?
1080 2486 1162 2549 quae
1180 2490 1231 2534 ne·

419 2570 548 2637 neffitas
563 2589 637 2633 eum
646 2576 736 2632 tanta
747 2571 932 2651 premebat,
942 2572 1031 2652 ut,fi
1047 2577 1231 2665 sua-sponte

418 2683 482 2747 iter
491 2681 657 2745 Ameriam
671 2683 809 2759 faceret,
822 2684 855 2747 id
865 2688 1020 2768 temporis
1030 2688 1142 2756 Roma
1155 2714 1231 2778 pro·

418 2794 633 2871 ficisceretur,
643 2794 766 2859 nullam
782 2803 907 2878 partem
920 2798 1025 2863 notiis
1039 2807 1230 2889 requiesce·

392 2907 499 3005 3ret?
520 2909 669 2974 Etiamne
682 2910 716 2972 in
731 2917 799 2973 tam
815 2910 986 2993 perspicuis
1005 2914 1105 2980 rebus
1124 2938 1230 3004 argu.

392 3016 573 3089 ⁸mentatio
585 3024 776 3106 quaerenda,
791 3031 850 3087 aut
865 3023 1048 3106 c'onjeiiura
1063 3031 1230 3112 capienda

416 3134 480 3203 fit?
504 3134 619 3202 Nonne
635 3137 724 3203 vobis
737 3137 825 3213 haec,
837 3158 910 3220 quae
924 3138 1052 3204 audistis
1061 3186 1071 3217 ,
1086 3162 1229 3215 cernere

415 3248 517 3316 oculis
527 3248 697 3343 videmini,
712 3249 859 3332 judices?
871 3271 934 3314 non
949 3252 1040 3316 illum
1051 3255 1226 3339 miserum,

415 3366 561 3448 ignarum
572 3362 662 3427 casus
670 3363 716 3428 sui
723 3407 733 3438 ,
743 3363 930 3441 redeuntem
943 3383 963 3428 a
974 3385 1069 3431 coena
1078 3368 1224 3439 videtis?

412 3496 479 3545 non
501 3472 615 3560 posrtas
638 3473 792 3541 infidias?
815 3493 880 3537 non
900 3477 1056 3559 impetum
1073 3487 1223 3564 repenti.

412 3590 517 3660 immi
538 3607 603 3654 non
612 3588 754 3655 versatur
769 3595 844 3654 ante
852 3590 965 3656 oculos
982 3591 1071 3683 vqbis
1081 3593 1116 3658 in
1125 3596 1219 3665 crede
