3650 4350
577 531 643 607 ,ῃ
769 506 1214 627 onerou1en

576 694 640 780 est)
654 691 827 780 explieatio
837 688 1029 773 argumenti,
1052 688 1319 774 argumentatio:
1342 690 1386 760 teo

576 828 616 874 ea
638 804 828 882 conficitur,
852 823 926 868 cum
950 803 1096 868 sumserie
1115 814 1261 869 autnon
1279 809 1385 885 dubia,

577 932 636 988 aut
656 919 851 1005 probabilia,
875 940 917 983 ex
936 918 1053 1001 quibua
1077 918 1111 982 id
1126 915 1278 998 efficies,
1303 923 1385 1005 qood

579 1047 636 1103 aut
653 1035 804 1110 dubium,
827 1032 1009 1095 autminus
1028 1032 1275 1126 probabileper
1290 1034 1323 1100 se
1343 1036 1385 1099 vi·

576 1154 683 1218 detur.
728 1146 987 1228 Argumentandi
1007 1153 1117 1209 autem
1139 1146 1205 1209 duo
1230 1143 1311 1211 sunt
1335 1170 1387 1232 ge·

575 1285 671 1341 nera,
695 1282 831 1346 quorum
847 1260 985 1323 aiterum
1005 1260 1045 1322 ad
1064 1256 1161 1323 fidem
1176 1259 1309 1325 diretto
1325 1263 1387 1348 spe·

508 1443 513 1454 ,
576 1380 655 1455 stau
678 1376 815 1439 alterum
828 1373 859 1438 se
873 1369 1061 1436 infleffltad
1078 1382 1217 1439 motum.
1265 1376 1388 1461 Dirigi-

575 1499 649 1566 tur,
672 1510 746 1552 oum
767 1486 933 1571 proposuit
953 1486 1092 1570 aliquio,
1116 1466 1202 1568 quod
1221 1492 1387 1571 probaret,

539 1586 541 1592 ¹
576 1601 748 1686 sumitque
766 1621 829 1678 ea,
859 1600 976 1682 quibua
999 1599 1175 1663 nitereturr
1209 1609 1314 1684 atque
1339 1605 1388 1670 hir

576 1715 797 1791 confirmatis,
826 1717 866 1778 ad
896 1710 1092 1795 propofitum
1122 1713 1254 1791 retulit,
1290 1726 1388 1801 atque

473 1845 499 1879 ··
576 1828 742 1895 conclufit.
787 1828 849 1893 Illo
872 1835 984 1890 antem
1005 1829 1108 1890 altero
1129 1832 1387 1910 argumentatio,

575 1942 664 2027 quoii
676 1953 763 2008 retro
779 1940 812 2006 δι
826 1947 948 2014 contra,
972 1940 1060 2022 prius
1075 1938 1186 2018 sumit,
1209 1959 1288 2024 quae
1305 1945 1386 2024 vult,
1422 1961 1424 1966 ·

575 2081 679 2145 eaque
692 2055 877 2121 confirmat:
900 2054 1016 2118 deinde
1030 2053 1075 2129 id,
1099 2054 1184 2136 quod
1195 2072 1386 2139 proponen-

575 2179 651 2242 dum
671 2175 760 2248 fuit,
791 2169 944 2255 permotis
965 2166 1082 2231 animis
1107 2167 1184 2251 iacit
1208 2171 1250 2234 od
1274 2179 1385 2237 extre·

528 2310 675 2375 47munr.
720 2286 773 2350 Est
793 2292 903 2347 autem
919 2283 975 2347 illa
994 2282 1132 2346 varietas
1152 2282 1188 2347 in
1206 2302 1385 2366 argumen-

571 2406 686 2476 tando,
710 2399 742 2465 δι
759 2417 822 2458 non
835 2393 1012 2475 injucunda
1030 2391 1206 2458 distinfflo:
1230 2406 1280 2476 nt,
1305 2418 1382 2464 cum

571 2515 809 2592 interrogamus
836 2506 958 2570 nosmet
990 2507 1073 2591 ipfi,
1104 2515 1160 2572 aut
1186 2510 1384 2593 percuntiu-

571 2644 667 2700 mur,
692 2631 748 2684 aut
771 2622 991 2704 imperamus,
1014 2630 1073 2686 out
1096 2631 1275 2702 optamus,
1306 2643 1383 2709 quae

571 2738 644 2801 suot
662 2757 736 2799 cum
751 2737 823 2799 aliis
842 2736 1062 2817 compluribus
1078 2735 1310 2801 sententiarum
1325 2758 1384 2803 or·

569 2860 731 2914 nomento.
777 2847 888 2914 Vitare
903 2857 1012 2912 autem
1027 2846 1267 2914 fimilitudinem
1284 2861 1381 2935 pote·

567 2965 681 3042 rimus,
704 2985 769 3026 non
783 2962 905 3045 semper
921 2981 940 3024 a
958 2960 1118 3043 propofito
1134 2963 1317 3028 ordientes}
1341 2963 1381 3032 δι

566 3076 667 3145 finon
684 3077 792 3140 omnia
804 3077 991 3159 disputando
1001 3074 1279 3155 'confirmabimus9
1302 3078 1380 3145 bre·

565 3194 713 3276 vitorque
732 3191 915 3266 interdum,
940 3207 1011 3272 quae
1033 3201 1130 3252 erunt
1151 3186 1226 3256 satis
1251 3200 1378 3275 aperta,

565 3323 751 3392 ponemus:
785 3307 936 3388 qnodque
957 3322 997 3364 ex
1021 3302 1071 3365 his
1092 3301 1275 3381 efficietur,
1298 3301 1378 3369 fiio
1403 3383 1414 3398 Ι

564 3433 712 3504 apertum
735 3415 791 3497 fit,
814 3437 879 3481 non
899 3414 1090 3481 habebimus
1107 3416 1232 3483 neoeiie
1248 3416 1377 3504 semper

425 3564 428 3585 =
561 3535 767 3600 concludere.
