3650 4350
665 431 1093 548 u1v1urrro0
1215 490 1279 569 193

481 656 515 720 P.
533 650 709 727 Lentulus,
731 631 860 733 tl..qu1
880 650 1029 734 priueepo
1050 647 1176 716 senatos
1193 653 1277 734 fuit,

478 767 644 830 recusabat
661 764 715 827 Μ’.
726 762 920 847 Aquinium,
936 759 1146 846 subscriptore
1161 764 1276 831 C.Ru·

478 880 547 942 tilio
570 878 682 941 Ruso:
706 884 765 940 aut
795 894 869 939 cum
895 875 932 938 P.
957 873 1155 953 Africanus,
1174 877 1275 944 homo

478 995 625 1064 virtute,
648 989 803 1065 fortuna,
826 988 954 1075 gloria,
978 987 1073 1052 rebus
1091 987 1185 1072 gestis
1204 1008 1275 1054 am·
1306 1075 1310 1081 ,

477 1102 655 1187 pllllimus‚
676 1100 884 1185 posteaquam
904 1099 955 1164 bis
979 1100 1087 1164 consul
1108 1100 1143 1165 uz
1164 1101 1275 1168 censor

477 1220 602 1290 suerat,
618 1214 656 1278 L.
671 1214 799 1279 Cottam
817 1210 851 1277 in
864 1208 1022 1293 judicium
1037 1213 1183 1278 vocabat.
1213 1214 1275 1290 Ju-
1307 1300 1320 1308 .

479 1351 515 1393 re
531 1339 602 1391 tum
618 1326 752 1390 florebat
767 1318 876 1409 populi
890 1323 1027 1388 Romani
1043 1323 1181 1389 nbmeue
1203 1325 1276 1409 jure

477 1438 653 1505 austoritas
669 1435 765 1520 hujus
782 1436 931 1522 imperii,
954 1435 1160 1520 civitatisque
1174 1439 1275 1523 maje-
1409 1473 1414 1483 ·

477 1551 565 1629 llas,
590 1550 697 1635 gravis
709 1550 898 1615 habebatur.
926 1568 1022 1615 nemo
1042 1532 1220 1616 mirabatur
1239 1554 1275 1618 in

478 1667 632 1731 Africano
653 1664 734 1741 illo,
762 1664 848 1745 quod
874 1663 907 1731 iu
932 1682 986 1726 me
1004 1681 1115 1740 nune,
1142 1664 1275 1732 bomine

477 1778 586 1861 parvis
603 1775 718 1859 opibus
733 1793 772 1837 ac
787 1774 997 1839 facoltatibus
1009 1776 1163 1857 praedito,
1178 1775 1277 1843 simu..

479 1890 549 1955 lant
567 1888 629 1951 sese
643 1886 772 1962 mirari,
797 1904 871 1949 cum
887 1885 1018 1951 moleste
1035 1887 1152 1954 ferant.
1185 1890 1317 1966 Qutdro
1414 1961 1417 1966 ,

479 2002 536 2067 subi
560 1999 617 2063 iste
639 1996 733 2064 vult?
755 1996 1011 2072 accusatoremne
1031 1998 1063 2062 se
1083 1999 1276 2080 existimari,

482 2114 538 2200 qui
552 2122 648 2179 autea
661 2110 830 2176 defendere
847 2110 1070 2177 consueverat:
1092 2131 1178 2177 nunc
1191 2132 1278 2198 ppae·

481 2229 613 2304 sertim,
636 2243 675 2288 ea
692 2222 757 2306 jam
775 2231 897 2299 aetate,
920 2243 993 2288 cum
1014 2224 1201 2289 aedilitatem
1219 2245 1277 2310 pe·

479 2337 557 2403 tat?
586 2337 656 2420 Ego
674 2355 751 2401 vero
769 2335 874 2400 aetatis
891 2352 956 2400 nou
977 2340 1074 2401 modo
1100 2356 1200 2415 meae,
1223 2338 1277 2404 sed
1407 2366 1417 2385 ι

481 2453 588 2520 multo
607 2451 705 2515 etiam
723 2448 912 2535 superioris,
933 2447 968 2514 dt
984 2448 1116 2515 bonoria
1130 2447 1294 2534 empuli·-

482 2566 528 2630 rui
544 2572 621 2648 puto
637 2560 719 2640 else,
742 2560 777 2627 δι
796 2561 943 2625 accusare
958 2561 1139 2648 improbos,
1164 2562 1199 2628 de
1216 2566 1279 2628 mi·

482 2680 569 2743 seros
583 2675 850 2756 calamitososque
865 2674 1046 2741 defendere.
1074 2675 1118 2739 Et
1133 2675 1279 2759 prosette

484 2800 542 2854 aut
560 2791 622 2855 hoe
636 2787 817 2853 remedium
831 2784 876 2850 est
893 2795 1021 2868 aegrotae
1041 2806 1080 2850 ae
1102 2805 1201 2872 prope
1222 2792 1279 2856 de.

483 2904 616 2986 speratae
634 2899 837 2984 reipublicae,
854 2896 1048 2982 judiciisque
1065 2903 1223 2985 corruptis
1242 2919 1280 2966 ao

484 3013 708 3080 contaminatis
721 3029 897 3097 paucorum
911 3011 991 3078 vitio
1011 3030 1049 3074 ao
1064 3011 1280 3094 turpitudine,

484 3126 632 3194 homines
649 3129 690 3190 ad
705 3127 812 3206 legum
830 3120 1060 3199 defensionem,
1073 3118 1283 3204 judiciorum·

488 3261 552 3326 que
568 3235 813 3312 austeritatem,
829 3253 927 3318 quam
944 3232 1171 3300 honeliiffimos
1186 3235 1219 3303 de
1233 3239 1283 3304 in·

485 3351 677 3439 tegerrimos
692 3342 1008 3431 diligentiffrmosque
1023 3350 1192 3413 accedere:
1212 3361 1285 3427 aut,

488 3467 512 3532 fi
533 3487 573 3529 ne
593 3465 655 3527 hoe
674 3462 803 3546 quidem
820 3459 964 3544 prodesse
984 3457 1120 3545 poterit,
1141 3459 1285 3544 profesto
1316 3436 1323 3445 “

491 3578 582 3645 nulla
599 3593 753 3661 umquam
767 3574 926 3644 medicina
943 3573 995 3639 hu
1013 3584 1063 3639 tot
1077 3574 1289 3641 incommodi·

540 3691 644 3758 cicero
661 3688 705 3758 T.
714 3685 778 3758 IV.
1087 3682 1119 3751 N
