3650 4350
551 464 652 554 ¹nno
668 459 764 568 sax.
779 456 937 545 aosoo
955 458 1171 578 anamno.
1218 478 1281 548 ω

475 649 589 716 erunt,
608 624 802 706 ornamenta
814 635 870 700 soa
887 636 1066 699 concedant
1080 634 1203 702 necesse
1221 635 1278 702 est.

476 758 687 837 Quapropter
706 749 849 817 definant
866 748 1036 831 aliquando
1050 750 1176 828 dicere,
1194 752 1278 834 male
1298 772 1350 833 ¹4·

442 946 449 958 ,
478 870 621 950 aliquem
641 866 793 929 locutum
807 859 887 938 effe,
908 860 934 925 fi
951 862 1023 945 quia
1037 882 1112 927 vere
1128 881 1166 927 ac
1180 857 1281 948 libera
1397 843 1405 853 ’

442 965 461 982 “’
478 983 609 1046 locutus
621 978 676 1043 sn:
689 975 831 1043 definant
845 975 932 1054 suam
945 972 1078 1039 caulam.
1088 995 1164 1040 cum
1174 977 1283 1062 Chry·

479 1098 598 1177 sogono
615 1091 878 1156 communicaret
900 1085 1059 1167 definant,
1077 1085 1101 1151 fi
1115 1089 1173 1153 ille
1185 1090 1282 1186 laesns

482 1206 583 1281 fit‚de
592 1206 623 1269 se
632 1205 754 1287 aliquid
767 1198 947 1267 detrastom
958 1201 1123 1267 arbitrari:
1140 1203 1286 1283 videant,
1421 1223 1431 1234 ⁸

483 1343 525 1384 ne
540 1330 635 1403 turpe
647 1318 861 1401 miserumque
874 1312 930 1395 fit,
942 1335 1017 1393 eos,
1029 1316 1087 1399 qui
1102 1316 1283 1401 equestrem

482 1434 680 1515 splendorem
695 1429 765 1514 pati
778 1448 843 1493 non
857 1434 1049 1514 potuerunt,
1062 1428 1143 1494 servi
1154 1431 1284 1515 nequis·

483 1545 553 1608 fimi
569 1544 821 1609 dominationem
835 1544 922 1609 ferre
935 1540 1034 1626 posse.
1058 1541 1142 1620 Qoae
1155 1545 1287 1627 quidem
1414 1581 1416 1586 ·

483 1658 681 1736 dominatio,
693 1639 887 1739 jndicea,'in
902 1656 976 1723 aliis
991 1655 1088 1722 rebus
1104 1657 1198 1722 antea
1212 1680 1286 1723 ver·

484 1772 630 1836 sabatur:
643 1790 729 1833 nunc
740 1790 816 1834 vero
828 1788 925 1852 quam
936 1770 1021 1834 viam
1033 1770 1188 1848 munitet,
1198 1774 1286 1855 quod

485 1886 550 1949 iter
561 1874 707 1960 affeilet‚
725 1881 859 1946 videtis:
876 1884 917 1945 ad
932 1880 1030 1946 fidem
1040 1927 1050 1958 ‚
1067 1883 1108 1946 ad
1119 1882 1304 1965 jusjurans

487 2000 585 2075 dum,
612 1998 653 2061 ad
670 1993 793 2079 judicia
808 1992 935 2071 vestra,
958 1995 998 2058 ad
1013 1994 1065 2071 id,
1085 1998 1170 2078 quod
1187 1996 1288 2061 solum
1334 2081 1336 2088 Ι

488 2130 589 2196 prope
603 2110 636 2174 in
650 2108 784 2200 civitate
794 2097 952 2171 fincerom
965 2102 1170 2191 sandtumque
1180 2108 1287 2174 restat.

490 2225 598 2291 Hicne
615 2224 717 2289 etiam
730 2220 793 2287 sese
807 2229 902 2306 putat
915 2221 1035 2306 aliquid
1048 2219 1135 2305 posse
1150 2223 1289 2308 Chryso·
1306 2245 1356 2305 ¹41

489 2335 621 2422 gonus?
641 2336 695 2400 hic
716 2336 817 2400 etiam
835 2344 952 2420 potens
977 2332 1039 2399 effe
1058 2333 1154 2401 vult?
1177 2357 1198 2400 o
1222 2337 1296 2402 rem'

491 2437 1081 2534 miseram,atqueacerbaml'Neqne
1089 2448 1291 2514 mehercules

490 2564 554 2630 hoc
566 2562 698 2646 indigne
710 2563 1174 2648 fero,quodverear‚nequid
1186 2561 1292 2647 poffit:

490 2698 606 2744 verum
629 2677 715 2760 quod
737 2674 831 2739 aulus
854 2672 919 2761 est,
944 2674 1207 2760 quodsperavit,
1230 2677 1295 2741 sese
1365 2754 1367 2763 y

491 2790 577 2874 apud
598 2790 681 2854 tales
701 2788 789 2854 viros
808 2788 930 2872 aliquid
952 2789 992 2852 ad
1011 2789 1188 2871 perniciem
1206 2788 1293 2874 posse
1333 2828 1336 2832 .

491 2903 692 2977 innocentio,
701 2901 735 2965 ld
744 2900 847 2984 ipsun
857 2919 986 2984 queror.
1001 2901 1168 2966 Idcircone
1179 2923 1291 2987 expet·
1302 2921 1359 3009 49

492 3010 768 3092 nefianobilitaa,
792 3013 891 3106 armis
904 3021 1001 3097 atque
1014 3014 1100 3079 ferro
1119 3017 1311 3099 rempubli··
1363 3075 1365 3078 ,
1412 3068 1415 3075 ,

494 3148 567 3194 eam
591 3127 820 3210 recuperavit,
844 3133 902 3203 nt,
928 3127 970 3191 ad
991 3127 1157 3193 libidinem
1183 3128 1295 3206 luam,
1342 3115 1354 3138 ’
1405 3159 1409 3164 ’

493 3241 603 3308 liberti
626 3239 806 3323 servulique
823 3240 1000 3318 nobilium,
1025 3240 1129 3316 bona,
1147 3241 1308 3335 fortunas¹

493 3353 616 3424 vestras
625 3352 813 3437 nostrasque
822 3365 939 3418 vexare
948 3349 1137 3438 possentiSi
1145 3353 1179 3419 id
1187 3346 1296 3420 ailam
1312 3372 1364 3439 ιφ

496 3467 562 3545 est,
576 3469 680 3533 fateor
692 3466 745 3531 me
759 3464 890 3544 erraffe,
904 3467 960 3550 qui
972 3468 1035 3531 hoc
1047 3466 1233 3532 maluerim:
1246 3468 1316 3558 ῆι)

496 3590 570 3648 teor
582 3577 744 3660 insaniffe,
759 3579 818 3665 qui
832 3591 906 3665 oum
921 3579 987 3646 illis
999 3578 1160 3647 senserim«
1172 3579 1297 3671 tomelli
