3650 4350
504 444 570 519 ιω
620 383 623 396 ’
666 416 1184 518 INQ.cAE'01L1vtt'

506 614 621 683 fidium
636 610 842 698 petiverunt?
859 607 896 675 St
910 551 1293 690 effettluqumffletiffa
1364 626 1366 669 :

509 747 596 793 ame
611 724 813 811 praefidlum‚
830 744 951 802 necne,
967 722 1151 798 dicerem,
1171 740 1228 784 cur
1239 724 1297 804 m

510 841 591 906 sent.
614 839 714 904 Nunc
728 858 825 914 vero,
838 859 915 902 cum
932 837 968 902 id
986 834 1259 919 imperspicuum
1269 833 1301 913 fit,

512 948 961 1036 utoculisjudicarepoffitis:
975 948 1097 1018 nescio
1108 968 1173 1012 cur
1185 947 1244 1010 hoc
1255 950 1306 1013 niti

514 1070 708 1133 detrimento
721 1065 783 1130 effe
797 1068 930 1139 debeat,
944 1062 969 1126 s1
986 1064 1023 1128 id
1035 1062 1131 1128 mihi
1148 1061 1309 1145 objiciatur,

470 1191 507 1247 16
517 1202 569 1248 me
580 1177 773 1265 potiffimum
784 1177 847 1243 effe
860 1176 1037 1243 detectum.
1064 1174 1204 1262 Votum
1216 1175 1247 1239 id
1259 1176 1312 1239 mihi

516 1316 584 1361 non
598 1295 706 1370 sumo,
722 1293 867 1375 judices,
879 1290 912 1355 ἃ
924 1291 986 1354 hoc
1002 1309 1076 1354 non
1094 1290 1202 1354 modo
1217 1289 1251 1352 in
1264 1309 1314 1351 οη·

515 1410 605 1472 tione
620 1426 692 1470 mea
708 1427 772 1469 non
788 1426 891 1489 pono,
907 1403 1016 1468 sedne
1033 1404 1072 1466 in
1092 1403 1256 1487 opinione
1267 1403 1315 1485 qui·

517 1524 592 1586 dem
606 1519 793 1603 cujusquam
809 1518 1038 1602 relinquo‚me
1053 1516 1318 1599 omnibuspatro·

520 1634 571 1698 nis
586 1632 648 1697 effe
660 1631 877 1717 praepofitum.
909 1629 985 1695 Non
1002 1630 1049 1694 ita
1067 1627 1139 1694 est:
1158 1629 1218 1694 sed
1236 1629 1321 1693 unius·

518 1745 670 1827 cujusque
685 1747 859 1828 temporis,
871 1743 1086 1818 valetudinis,
1108 1742 1285 1810 facultatis
1295 1744 1323 1808 td

519 1862 699 1941 agendum,
726 1857 823 1922 dutta
839 1859 922 1928 ratio
942 1856 998 1921 est.
1029 1857 1111 1921 Mea
1128 1858 1204 1923 fuit
1219 1857 1325 1940 semper

521 1972 593 2037 haec
610 1974 643 2033 in
659 1973 719 2035 hac
732 1992 768 2035 re
782 1974 931 2037 voluntas
946 1970 980 2037 &
990 1969 1175 2047 sententia,
1191 1970 1327 2055 quemvis

523 2094 561 2151 ut
574 2088 636 2150 hoc
650 2086 779 2151 mallem
794 2089 835 2150 de
847 2085 886 2147 iis
896 2130 904 2159 ,
915 2084 971 2168 qui
980 2082 1082 2149 effent
1093 2083 1236 2162 idonei,
1245 2083 1328 2148 susci·

521 2222 618 2286 pere,
633 2221 730 2284 quam
746 2220 817 2265 me:
834 2221 886 2264 me
900 2207 935 2264 ut
950 2197 1099 2273 mallem,
1116 2217 1224 2282 quam
1237 2199 1329 2263 nemi·

488 2316 609 2402 5nem.
633 2313 806 2397 Reliquum
822 2311 963 2394 estjam,
978 2321 1018 2377 ut
1032 2313 1115 2375 illud
1129 2327 1330 2395 quaeramus,

479 2413 598 2491 l7cuxn
613 2428 675 2490 hoc
690 2424 829 2503 constet,
839 2423 965 2489 Siculos
977 2445 995 2487 a
1009 2445 1061 2489 me
1071 2410 1329 2510 petiffeaecquid

521 2542 605 2604 hanc
621 2559 689 2602 rem
704 2541 790 2621 apud
807 2561 864 2604 vos
882 2538 1070 2619 animosque
1084 2537 1216 2602 vestros
1229 2541 1330 2605 valere

522 2658 691 2734 oporteat:
709 2643 832 2734 ecquid¹
841 2650 1044 2716 auttoritatis
1057 2655 1142 2733 apud
1158 2674 1222 2716 vos
1235 2654 1269 2717 in
1280 2654 1329 2718 sut

521 2760 593 2853 juge
606 2766 781 2844 repetundo
795 2765 871 2828 socii
882 2766 993 2849 populi
1002 2764 1156 2840 Romani,
1168 2747 1330 2849 supplices

523 2874 918 2953 vestri,haberedebeant.
942 2878 991 2943 De
1001 2899 1064 2960 quo
1074 2877 1152 2959 quid
1162 2899 1229 2959 ego
1240 2881 1330 2963 plura

522 2990 798 3061 commemorem?
821 2990 908 3076 quafi
928 3013 1005 3056 vero
1022 2990 1154 3054 dubium
1173 2988 1233 3068 fit,
1251 2994 1330 3077 quin

520 3111 590 3167 tota
602 3104 652 3167 lex
662 3105 700 3167 de
712 3105 857 3185 pecuniis
869 3104 1054 3188 repetundis
1062 3102 1223 3167 sociorum
1234 3107 1330 3170 causa

480 3216 695 3289 18constituta
709 3215 757 3279 fit.
788 3217 871 3281 Nam
888 3218 1011 3282 civibus
1025 3237 1099 3280 cum
1114 3215 1188 3280 sunt
1204 3229 1330 3302 ereptae

520 3331 687 3413 pecuniae,
708 3331 797 3394 civili
816 3333 884 3394 fere
904 3329 1030 3394 afflone
1047 3328 1082 3394 &
1102 3330 1234 3412 privato
1254 3332 1330 3415 jure

517 3451 728 3526 repetuntur:
747 3444 818 3507 haec
833 3445 885 3508 lex
902 3443 1026 3507 socialis
1042 3441 1104 3507 est:
1121 3441 1183 3506 hoc
1193 3442 1250 3525 jus
1264 3465 1330 3523 na·

518 3557 643 3622 tionum
661 3565 844 3623 exterarum
864 3557 925 3623 est:
948 3557 1029 3622 hanc
1050 3557 1172 3633 habent
1190 3575 1326 3638 mem,
