3650 4350
545 665 605 722 aut
617 653 768 719 vicinum.
785 650 1042 736 {ipsorumque
1063 651 1221 716 indicunt:
1234 671 1268 737 gr
1337 644 1364 708 s‘

485 770 691 853 reopieriqoe
721 766 915 849 produntur.
974 765 1052 832 Hic
1085 765 1171 830 nihil
1196 765 1251 844 ei,
1343 740 1363 802 b

544 883 752 965 suspicionem
766 877 851 942 hanc
864 879 1016 960 putretis.
1053 877 1140 944 Non
1152 879 1234 944 enirn
1243 885 1291 963 egr'
1353 851 1364 912 i

541 996 727 1078 disputabo:
748 987 920 1056 verisimile
935 987 1009 1070 est,
1030 989 1177 1058 Roscios
1203 992 1274 1058 isirn
1361 1017 1365 1025 ¹

545 1108 586 1173 ad
595 1081 837 1190 Chrysogonum
850 1101 1021 1168 detulisse.
1038 1107 1223 1172 eratenim
1237 1107 1274 1172 e'u

544 1221 752 1305 Chrysogono
773 1217 837 1301 jam
865 1223 968 1280 antea
995 1217 1172 1283 amicitis.
1202 1235 1269 1284 nnn
1344 1235 1347 1240 '

544 1336 664 1400 multos
689 1341 813 1396 veteres
835 1347 855 1392 ι
876 1327 1070 1410 majoribuo
1089 1331 1204 1398 Roscii
1222 1353 1258 1418 ga
1345 1345 1349 1354 '

543 1445 744 1528 hospitesque
753 1443 908 1509 haberent
914 1463 1061 1518 ‚omnes
1076 1465 1143 1510 eos
1155 1447 1292 1512 colereu

545 1559 711 1623 observare
735 1554 947 1630 destiterunt,
976 1574 1019 1620 ac
1044 1553 1084 1622 'se
1107 1559 1147 1623 in
1172 1559 1323 1642 Chrysogu'

481 1659 533 1738 f07
543 1670 639 1734 fidem
650 1670 683 1736 sir
698 1653 878 1735 clientelom
889 1671 1135 1738 contulerunt.
1152 1649 1325 1756 Haecpossur

541 1787 650 1847 omnia
660 1804 734 1848 vere
744 1785 870 1848 dicere:
884 1780 979 1845 sedin
990 1781 1058 1846 hae
1068 1783 1328 1870 oausoconjeihu

541 1897 623 1963 nihil
646 1916 725 1978 opus
745 1895 800 1960 est.
829 1894 912 1978 ipsos
932 1901 1025 1958 certo
1046 1897 1121 1962 scio
1140 1917 1213 1963 non
1231 1918 1329 1982 negiu.

541 2012 583 2076 ud
600 2011 671 2076 haec
682 2011 766 2073 bono
780 2007 1026 2091 Chrysogonum
1042 2009 1218 2080 ocoeffisse
1233 2011 1331 2096 impulsu

540 2125 607 2190 suo.
639 2121 673 2187 Si
696 2143 789 2199 eum,
815 2120 870 2205 qui
890 2119 1002 2187 indicii
1020 2131 1161 2205 partem
1181 2126 1332 2209 acceperit,

540 2239 642 2302 oculis
656 2236 810 2311 cernetis;
825 2234 1017 2317 poteritisne
1031 2236 1215 2317 dubitare,
1228 2241 1335 2323 judico,

542 2355 596 2437 qui
614 2346 792 2414 indicarit?
816 2347 882 2425 Qui
895 2346 965 2411 sunt
979 2346 1088 2429 igitur
1107 2350 1147 2415 in
1160 2350 1235 2416 istis
1251 2352 1336 2427 nonis,

539 2465 787 2549 quibuspartem
796 2459 1023 2545 Chrysogonus
1036 2460 1201 2531 dederit?
1219 2466 1285 2531 duo
1293 2465 1338 2529 Ro·

537 2566 604 2640 scii.
635 2575 724 2640 Num
740 2574 883 2657 quisnam
897 2570 1084 2655 praeterea?
1108 2592 1217 2643 nemo
1231 2578 1293 2657 est,
1303 2578 1338 2661 ju·

536 2690 636 2755 dices.
660 2687 748 2751 Num
760 2706 837 2768 ergo
853 2686 988 2751 dubium
1001 2684 1065 2763 est,
1081 2668 1211 2771 quinii
1230 2692 1340 2757 obtule·

538 2802 605 2865 rint
625 2801 708 2864 hanc
727 2801 870 2883 praedurn
893 2799 1130 2882 Chrysogono,
1158 2804 1223 2887 qui
1243 2807 1286 2869 ab
1309 2825 1338 2871 eo

476 2930 527 2984 108
540 2924 662 2998 purtem
675 2910 974 2996 praedaetulesuni?
996 2906 1340 3001 Agenunc‚exips1ur

538 3026 736 3111 Chrysogoni
750 3024 869 3107 judicio
889 3024 1073 3089 Rosciorum
1095 3022 1227 3093 uuum
1247 3027 1342 3097 confi·

534 3145 694 3207 deremuo.
727 3136 760 3204 Si
774 3137 854 3201 nihil
870 3139 902 3201 in
922 3135 978 3202 ista
994 3153 1103 3221 pugna
1112 3136 1243 3218 Roscii,
1261 3143 1342 3227 quod

532 3275 642 3338 operae
658 3253 795 3336 pretium
811 3249 905 3325 effer,
924 3253 1084 3325 fecerunt,
1097 3266 1198 3331 quom
1208 3254 1253 3318 ob
1265 3276 1342 3319 oau-

533 3366 842 3451 samaChrysogono
854 3365 954 3428 tantis
965 3361 1103 3445 praerniis
1113 3354 1345 3433 donabantur?

523 3478 567 3544 ‘Si
582 3480 661 3545 nihil
674 3480 760 3544 aliud
775 3480 940 3551 fecerunt,
965 3474 1022 3542 nisi
1041 3495 1109 3539 rem
1128 3474 1342 3556 detulerunt,

531 3606 639 3662 nonne
652 3593 727 3659 saus
740 3591 822 3673 suit,
837 3590 888 3662 his
904 3588 1023 3677 gratias
1038 3586 1113 3675 agi?
1132 3588 1293 3677 denique,
1305 3602 1344 3659 ut
