3650 4350
612 443 885 575 demotus
917 503 960 573 11
993 504 1093 612 Lm.
1123 507 1155 574 1.
1218 523 1281 592 301
1368 493 1377 520 ⁸

478 679 605 762 sextam
621 685 747 773 partem
769 678 958 745 hereditati·
978 678 1017 745 eb
1036 678 1157 763 Ligure
1172 689 1282 764 petere

481 792 597 877 eoepit.
618 790 718 875 Ligur
733 811 797 857 uon
811 794 933 863 ederat.
956 790 994 857 L.
1006 794 1107 859 frater
1118 792 1187 875 ejus
1203 813 1281 860 ceu·

481 905 548 970 sem
567 904 701 987 egebat:
723 905 856 969 ederent
873 905 991 983 amici,
1006 906 1186 989 propinqui·
1222 908 1283 972 Di·

446 1019 449 1026 '
482 1018 578 1083 cebet
594 1016 669 1096 iste,
694 1015 752 1081 nist
766 1037 840 1083 cum
856 1018 992 1082 muliere
1008 1017 1224 1096 decideretur,
1248 1019 1282 1084 iu

480 1127 701 1216 posseffionem
715 1131 748 1196 se
760 1132 808 1195 ire
819 1129 988 1214 juiiurum.
1013 1130 1051 1194 L.
1068 1129 1192 1197 Gellius
1207 1151 1282 1195 cau·

482 1245 550 1308 sem
574 1243 704 1326 Liguris
726 1244 937 1309 defendebat:
964 1245 1117 1323 docebat,
1140 1244 1281 1309 edittum

483 1357 554 1441 ejus
568 1377 637 1421 non·
647 1363 795 1439 oportere
810 1358 851 1420 ad
865 1356 1059 1421 hereditates
1074 1358 1195 1435 velere,
1210 1378 1283 1443 quae

484 1477 562 1534 ente
583 1489 660 1535 eum
686 1478 856 1552 pretorem
880 1466 1045 1538 veniffent.
1075 1467 1182 1533 fihoc
1210 1480 1282 1564 tum

484 1566 593 1649 fdiffet
615 1579 778 1658 edittum,
799 1580 927 1647 forteffe
952 1582 1105 1666 Ligurem
1122 1583 1284 1650 heredita·

483 1679 733 1762 tem'aditurum
745 1713 810 1759 non
822 1693 926 1759 fuiffe.
965 1697 1080 1781 Aequa
1095 1697 1284 1781 postulatio,

485 1810 608 1875 summu
622 1807 790 1871 hominum
803 1805 978 1871 austeritas
992 1810 1097 1890 pretio
1116 1811 1285 1894 superabu-

485 1929 555 1986 tur.
598 1918 698 1987 Venit
711 1920 848 1984 Remum
865 1919 991 2001 Ligur:
1016 1910 1082 1983 uon
1099 1922 1283 2002 dubitabat,
1303 1934 1352 1991 md
1405 1999 1413 2012 ,

485 2035 589 2120 quin,
612 2032 636 2097 fi
659 2034 722 2118 ipse
738 2033 872 2098 Verrem
892 2030 1086 2098 convenisset
1098 2075 1109 2108 ‚
1134 2035 1286 2117 aequitate

488 2148 590 2212 cuusae
607 2145 642 2213 dt
660 2144 850 2211 euttoritete
870 2145 928 2209 sue
955 2164 1159 2210 commovere
1181 2147 1285 2220 homi·
1389 2121 1402 2146 ’ἶ

487 2281 563 2326 nem
580 2260 692 2344 puiset.
715 2262 845 2325 domum
862 2260 991 2323 adeum
1010 2259 1118 2323 veuit:
1143 2279 1212 2323 rem
1229 2263 1286 2325 de·

488 2373 664 2439 monstrate
687 2391 783 2457 quam
798 2372 923 2456 pridem
938 2369 994 2435 fibi
1007 2371 1166 2440 heredites
1184 2374 1287 2439 uenis·
1424 2418 1427 2429 .

488 2487 559 2563 set,
586 2489 690 2551 docet.
719 2487 805 2569 quod
825 2484 921 2550 facile
942 2485 977 2548 in
997 2484 1088 2549 causa
1114 2484 1287 2570 aequiffime'
1407 2519 1412 2523 ·

490 2601 612 2664 homini
630 2599 789 2682 ingenioso
809 2597 890 2666 fuitr
913 2598 1031 2676 multa,
1049 2615 1121 2681 quae
1141 2601 1287 2683 quemvis

490 2732 621 2778 movere
638 2712 777 2794 potient,
798 2711 889 2775 dixit.
917 2712 958 2775 ed
977 2721 1155 2776 extremum
1178 2713 1289 2796 petere

491 2827 608 2909 eoepit,
634 2845 675 2891 ne
696 2825 796 2908 usque
818 2846 857 2888 eo
876 2824 964 2888 suern
983 2821 1209 2890 austeritatem
1233 2830 1289 2892 de·

489 2939 644 3023 spueret,
658 2938 858 3021 gratiamque
871 2937 1109 3010 contemneret,¹
1124 2945 1161 3000 ut
1174 2938 1204 3002 se
1216 2948 1289 3002 tau·

474 3086 476 3090 ·
490 3060 530 3116 tu>
543 3050 659 3134 injurie
672 3049 824 3114 efficeret.
848 3049 955 3113 Homo
968 3049 1122 3131 Ligurem
1140 3049 1289 3116 accusare

492 3164 610 3247 coepit,
627 3140 681 3247 qui
693 3161 731 3227 ‘iri
746 3182 781 3226 re
796 3161 975 3245 adventicia
988 3167 1085 3244 etque
1096 3162 1289 3239 hereditarie
1343 3170 1346 3175 ’

492 3285 560 3341 tem
585 3278 746 3358 diligens,
780 3284 845 3338 tem
870 3278 1023 3339 attentus*
1039 3271 1144 3339 effetr
1172 3277 1290 3341 debere

493 3410 568 3453 eum
588 3391 692 3472 ajebat
711 3389 798 3453 suem
820 3407 950 3474 quoque
974 3387 1131 3451 rationem
1151 3388 1289 3466 dueere3
1339 3393 1347 3429 ·'

493 3505 594 3567 multe
603 3501 658 3567 sui
668 3521 749 3579 opus
758 3499 842 3580 effe,
856 3502 960 3568 multa
970 3500 1104 3588 canibus
1112 3499 1175 3564 suis
1182 3547 1193 3580 ,
1207 3519 1290 3587 quoe

492 3612 577 3681 circe
605 3615 635 3680 se
655 3615 798 3705 heberet.
842 3611 924 3701 Nou·
940 3612 1140 3700 poffum'ille
1161 3615 1292 3701 planiur
1334 3634 1338 3641 ·
