3650 4350
579 533 648 586 ‘200
778 511 849 581 IN
899 508 1195 580 VERREM

587 686 733 763 distitet,
748 707 814 750 non
827 684 892 751 fine
908 685 1003 750 causa
1018 685 1050 750 ie
1068 687 1237 771 cupidum
1252 689 1385 772 pecuniae

582 789 701 876 luisse,
718 800 869 882 quoniam
881 808 1007 862 tantum
1017 800 1050 861 in
1060 800 1211 882 pecunia
1220 799 1389 883 praefidiun
1415 819 1419 830 ·

589 917 776 997 experiatur
797 910 876 975 effe:
907 912 969 975 sese
991 912 1045 988 (id
1063 914 1151 994 quod
1167 911 1392 979 difficillimum

590 1026 713 1110 luerit)
735 1037 863 1106 tempus
877 1024 978 1106 ipsum
994 1022 1102 1088 emilie
1114 1022 1242 1107 judicii
1258 1027 1325 1102 sui,
1342 1047 1392 1111 quo

594 1149 704 1203 cetera
724 1138 849 1201 facilius
875 1157 981 1200 emere
1004 1134 1132 1219 poffet3
1157 1147 1224 1214 ut,
1251 1140 1394 1223 quonian

595 1252 766 1315 criminum
777 1251 841 1314 vim
850 1249 1069 1331 subterfugere
1082 1251 1178 1313 nullo
1196 1252 1303 1315 modo
1318 1263 1395 1336 potr·

571 1375 670 1445 qrat,
694 1361 866 1446 procellam
886 1363 1040 1445 temporis
1060 1362 1244 1429 devitaret.
1289 1364 1396 1441 Quodli

597 1497 662 1542 non
675 1478 769 1539 modo
784 1476 818 1537 in
833 1475 945 1549 causa,
961 1494 1073 1539 verum
1088 1474 1121 1537 in
1138 1476 1260 1559 aliquo
1278 1477 1397 1542 honello
1434 1519 1435 1554 q

595 1587 740 1674 pracsidio
751 1633 759 1661 ‚
770 1598 829 1651 aut
839 1587 977 1670 alicujus
989 1588 1198 1669 eloquentia,
1213 1600 1282 1653 aut
1296 1591 1398 1672 gratia,

594 1701 682 1784 spem
697 1702 836 1782 aliquam
853 1698 1033 1764 collocasset
1049 1721 1059 1775 ;
1081 1699 1237 1781 profesto
1254 1723 1323 1766 non
1339 1704 1398 1766 har

598 1813 705 1876 omnia
721 1814 885 1895 colligeret
901 1822 999 1894 atque
1012 1823 1258 1895 aucuparetur:
1278 1837 1343 1880 non
1356 1815 1399 1878 ul·

597 1946 662 2010 que
686 1947 724 1988 eo
748 1927 923 2008 despiceret
944 1933 1236 2008 contemneretque
1261 1929 1399 1992 ordinem

597 2039 809 2108 senatorium,
831 2046 869 2100 ut
883 2037 1040 2102 arbitratu
1057 2035 1125 2119 ejus
1145 2038 1353 2122 deligeretur
1366 2062 1397 2105 en

597 2152 725 2229 senatu,
747 2150 805 2235 qui
822 2169 896 2215 reus
911 2148 1022 2215 fieret:
1045 2150 1119 2234 qui,
1138 2152 1221 2217 dum
1238 2153 1315 2229 bic,
1334 2173 1397 2238 qua

498 2286 511 2311 ·
599 2285 681 2349 opus
713 2263 835 2339 essent,
867 2271 1090 2346 compararet,
1118 2256 1253 2330 causam
1281 2268 1397 2331 interea

557 2364 675 2446 fiante
686 2397 760 2440 eum
773 2377 905 2439 diceret.
931 2376 1058 2450 Quibus
1069 2396 1130 2458 ego
1144 2378 1247 2444 rebus
1259 2381 1338 2463 quid
1350 2379 1397 2444 rue

597 2491 719 2573 speret,
738 2488 851 2571 &quo
871 2489 1014 2551 animum
1031 2488 1197 2570 intendat,
1218 2493 1321 2559 facile
1334 2512 1398 2576 per.

596 2602 708 2687 spicio.
740 2601 957 2676 Quamobrem
971 2620 1048 2663 vero
1065 2600 1096 2663 se
1115 2601 1264 2669 confidat
1280 2608 1397 2691 aliquid

597 2714 754 2799 perficere
768 2713 878 2797 posse,
901 2714 964 2776 hoc
987 2713 1160 2779 Glabrione
1177 2726 1347 2798 patore,
1367 2717 1398 2785 bt

598 2828 662 2892 boc
676 2823 822 2902 confilio,
844 2826 1021 2908 intelligere
1036 2847 1098 2890 non
1114 2826 1256 2908 polium.
1281 2830 1399 2895 'Unum

597 2938 678 3008 illud
691 2940 851 3020 intelligo,
867 2939 952 3021 quod
967 2940 1105 3023 populus
1117 2938 1289 3007 Romanus
1303 2945 1339 3012 in
1352 2963 1398 3006 re·

598 3050 738 3138 jestione
747 3051 891 3133 judicum
902 3051 1077 3132 judicavit,
1087 3071 1125 3114 ea
1140 3052 1399 3134 speistumfuiffe

597 3166 788 3249 praeditum,
805 3170 841 3226 ut
858 3184 986 3226 omnem
1002 3166 1157 3228 rationem
1172 3166 1287 3231 salutis
1303 3169 1337 3233 in
1347 3190 1397 3249 oe·

509 3315 513 3322 ·
597 3275 1399 3362 cuniaponeret:hocereptopraesrdio,utnullam

596 3387 655 3455 fibi
669 3410 737 3453 rem
753 3388 1021 3471 adjumento‘lore
1036 3389 1258 3457 arbitraretur.

559 3517 589 3604 4
661 3504 789 3572 Etenim
806 3503 894 3584 quod
907 3500 951 3565 est
967 3502 1130 3583 ingenium
1145 3506 1303 3571 tanturn?
1325 3528 1398 3592 quae

594 3623 685 3682 tanta
707 3615 846 3682 facultas
868 3615 993 3681 dicendi
1015 3614 1049 3682 ὅι
1068 3615 1180 3701 copia,
1204 3636 1282 3705 quae
1304 3620 1400 3687 istius
