3650 4350
536 503 601 570 ιφ
795 437 1092 544 orirro

536 653 732 723 redderent:
756 651 833 735 qui,
850 657 1015 736 quantum
1028 649 1190 736 poffeot,
1213 653 1276 718 iot

537 769 691 844 alterius,
710 783 807 849 quam
823 764 857 830 in
874 763 1000 841 exitio,
1016 765 1174 832 mallent
1193 765 1276 832 osteo

540 884 639 961 Quod
657 879 681 944 fi
698 898 835 957 omnes,
857 877 913 961 qui
932 877 1056 942 eodem
1082 879 1168 944 loco
1192 882 1264 945 nati

539 1000 703 1070 facerent3
717 989 751 1056 dr
765 990 946 1074 respublica
960 1011 1005 1054 ex
1020 990 1119 1071 illia,
1137 991 1176 1059 dr
1191 993 1276 1078 ipsu

541 1111 628 1179 vidia
643 1108 750 1172 minus
766 1105 963 1170 laborarent.

474 1237 530 1326 52
607 1220 730 1288 Verum
743 1216 767 1282 fi
780 1217 1035 1301 aChrysogono,
1044 1217 1214 1301 iudices,
1229 1241 1276 1286 no:

473 1338 525 1392 ¹50
542 1347 726 1423 petramue,
753 1331 945 1444 ut'peeuoia
965 1318 1081 1395 nostra
1105 1342 1275 1399 contentu

542 1452 643 1518 vitam
659 1468 700 1510 ne
716 1453 827 1528 petat:
844 1442 934 1508 fiilia
948 1444 1070 1509 adduci
1086 1467 1163 1511 non
1180 1447 1277 1532 potei

542 1581 617 1626 cum
631 1559 788 1623 ademerit
801 1557 893 1622 nobia
907 1556 1033 1635 omnia,
1042 1577 1125 1640 quae
1139 1561 1277 1626 nostra«

539 1673 689 1761 propria,
711 1692 753 1736 ne
767 1673 874 1735 lucem
891 1689 1021 1756 quoque
1034 1672 1150 1752 hanc,
1179 1695 1259 1758 quae

540 1786 649 1854 munis
664 1784 730 1861 eft,
745 1785 870 1869 eripere
885 1755 1015 1867 cupiat:
1038 1775 1063 1847 'fi
1082 1806 1157 1851 non
1171 1788 1253 1852 satio
1269 1789 1277 1852 l

543 1900 713 1968 avaritiam
729 1898 816 1963 suam
829 1897 968 1980 pecunia
990 1897 1151 1979 explere,
1180 1899 1244 1965 nifi
1265 1924 1277 1965 r

542 2013 736 2079 crudelitate
750 2009 911 2108 sanguinis
923 2010 1060 2093 perlitus
1078 2009 1137 2076 fit:
1164 2033 1276 2078 unum

541 2129 694 2211 fugium,
718 2125 867 2210 judices,
890 2144 957 2188 una
977 2122 1044 2208 spes
1062 2125 1203 2210 reliqua
1221 2127 1269 2194 est

541 2242 677 2317 Roscio,
694 2242 826 2316 eadem,
843 2258 919 2323 quae
936 2238 1147 2322 reipublicae,
1168 2240 1277 2307 vestra

541 2332 622 2420 stiria
638 2354 767 2419 bonitas
783 2351 818 2416 dr
835 2336 1049 2415 misericordia
1065 2370 1171 2435 aquae
1186 2352 1212 2418 fi
1230 2376 1277 2420 mr

540 2467 618 2533 salvi
632 2467 731 2529 etiam
748 2484 834 2528 nunc
850 2462 913 2529 effe
927 2461 1102 2547 poffumus.
1117 2465 1167 2530 sm
1185 2489 1229 2533 ea
1242 2490 1277 2533 ct

540 2580 616 2645 litae
626 2625 636 2656 ,
662 2597 733 2660 quae
753 2577 815 2641 boc
829 2585 975 2661 tempore
994 2574 1027 2639 in
1044 2579 1221 2661 republica
1237 2604 1277 2655 ve

543 2673 613 2769 est,
637 2690 758 2756 vestros
781 2709 909 2773 quoque
933 2691 1056 2754 animos
1085 2691 1146 2768 (id
1170 2697 1264 2776 quod

540 2801 685 2891 profesto
705 2825 769 2869 non
789 2803 915 2889 potest)
942 2802 1087 2867 duriores
1103 2807 1277 2873 acerbiore

542 2919 681 2985 reddidit
689 2938 699 2994 ;
714 2916 822 2981 attum
831 2914 895 2994 est,
903 2916 1042 2998 judicem
1056 2918 1142 2979 inter
1150 2919 1245 2983 ieras
1258 2922 1278 2985 ti

545 3033 589 3098 er
605 3042 734 3096 aetttem
747 3031 878 3111 degere,
888 3049 985 3114 quam
1000 3029 1034 3091 in
1049 3030 1110 3091 hac
1122 3040 1222 3095 tanta
1236 3034 1278 3098 im

477 3172 524 3230 151
544 3148 646 3211 nitate
660 3125 789 3208 versari.
823 3144 875 3207 ad
898 3161 1013 3205 eamne
1033 3162 1102 3206 rem
1120 3163 1180 3207 voa
1200 3145 1278 3213 teser

544 3256 645 3325 estis?
669 3259 709 3321 ad
731 3274 845 3319 eamne
867 3275 939 3320 rem
965 3253 1104 3331 delesti,
1129 3268 1168 3320 ut
1190 3279 1254 3324 eoa

544 3369 755 3445 demoretis,
774 3389 855 3451 quos
872 3365 1009 3432 sectores
1026 3388 1064 3432 ac
1079 3366 1183 3432 ficarii
1200 3371 1278 3455 jugo

545 3506 610 3553 oon
623 3480 817 3569 potuissent?
840 3477 951 3567 Solent
966 3482 1028 3545 hoc
1043 3483 1119 3545 boni
1133 3481 1278 3566 imperat-

542 3600 671 3677 iacere,
694 3615 768 3663 com
785 3595 933 3681 praelium
948 3596 1155 3661 committunt
1165 3639 1177 3676 ,
1199 3597 1278 3663 otii
