3650 4350
596 505 662 572 206
788 495 860 570 IN
911 499 1208 572 VERREM

596 677 684 743 hunc
697 677 789 759 jubet
804 673 869 743 fine
882 697 961 744 cura
977 673 1059 745 essu
1085 674 1269 760 denuntio,
1286 679 1394 768 inquit,

596 789 677 866 libi,
715 799 744 853 te
774 790 933 855 hodiernis
964 794 1095 857 comitiis
1125 787 1182 878 effe
1219 789 1394 879 absolutum.

595 901 690 978 Quod
715 923 788 967 cum
811 913 879 969 tam
904 907 1000 970 multi
1022 895 1173 970 homines
1198 903 1398 973 hon'estiffiui
1431 975 1433 983 ,

594 1011 883 1089 audissent‚statim
896 1021 936 1084 ad
949 1037 1002 1083 me
1016 1010 1162 1083 defertur
1168 1041 1180 1097 ;
1195 1019 1308 1086 immo
1322 1037 1397 1098 veru
1431 1013 1433 1018 ’

596 1140 633 1194 ut
650 1132 782 1214 quisque
793 1151 845 1197 me
859 1134 1000 1209 viderat,
1017 1134 1182 1197 narrabat.
1195 1141 1202 1152 '
1221 1133 1316 1199 Aliis
1329 1136 1398 1200 illud

592 1240 776 1326 indignum,
797 1247 868 1310 aliis
882 1248 1050 1310 ridiculum
1064 1245 1264 1312 videbaturt
1286 1247 1400 1314 ridicu·

591 1356 657 1423 lurn
672 1358 803 1442 linqui
819 1358 907 1423 istius
924 1359 1048 1422 causam
1065 1357 1099 1421 in
1114 1353 1254 1425 testium
1273 1361 1355 1440 fide,
1371 1355 1404 1426 id'

549 1509 552 1514 -
593 1469 764 1536 criminum
777 1472 919 1549 ratione,
933 1472 966 1535 in
981 1469 1128 1552 judicum'
1137 1473 1330 1554 potestate,
1341 1493 1399 1541 non

590 1584 623 1651 in
639 1582 779 1649 comitiis
794 1583 1179 1669 consularibus‚pos1tam
1195 1589 1401 1654 arbitratae·

589 1708 663 1764 tur:
686 1697 854 1780 indignum
868 1699 928 1773 iis,
949 1699 1004 1782 qui
1021 1697 1118 1761 altius
1135 1691 1396 1784 perspiciebant,

591 1811 623 1879 ὅτ
641 1813 724 1877 hanc
739 1811 988 1895 gratulationem
1008 1813 1048 1875 ad
1064 1805 1226 1894 judicium
1251 1833 1397 1880 currum·

547 1926 733 2013 dependunt
756 1924 894 2009 speum
912 1923 1162 1991 arbitrabantur.
1199 1922 1338 1993 Etenim
1358 1923 1393 1993 fit

588 2043 883 2116 ratiocinabantur,
901 2035 943 2101 fic
959 2033 1162 2102 honestiffimi
1175 2037 1335 2108 homines
1349 2041 1393 2107 in·

587 2167 639 2223 ter
653 2153 682 2220 le
696 2153 729 2221 dt
740 2171 870 2219 mecum
884 2143 1127 2236 loquebantur:¹
1146 2162 1262 2236 aperte
1280 2151 1349 2239 jam
1359 2174 1392 2221 aa

585 2268 750 2355 perspicue
767 2264 856 2332 nulla
876 2261 938 2331 elie
955 2263 1083 2349 judicia.
1113 2263 1169 2349 qui
1188 2286 1269 2333 reue
1293 2266 1392 2355 pridie

586 2381 651 2467 jam
671 2380 736 2467 ipse
758 2383 789 2446 se
810 2379 1062 2445 condemnatum
1080 2378 1236 2463 putabat,
1259 2378 1315 2461 ἰὴ·
1332 2402 1390 2468 pn-

584 2494 749 2582 steaquam
762 2494 907 2560 defensor
921 2492 989 2577 ejus
1004 2482 1111 2556 consui
1127 2490 1173 2557 est
1188 2490 1317 2574 fastus,
1335 2496 1391 2561 ab·

582 2608 728 2678 solvitur.
752 2605 840 2686 Quid
852 2604 977 2691 igitur?
988 2606 1075 2689 quod
1086 2596 1392 2694 totaSlc'iliannod

583 2738 695 2793 dmnes
717 2719 842 2799 Siculi,
871 2735 984 2786 omnen
1007 2715 1246 2802 negotiatores,
1275 2734 1388 2788 omnen

583 2836 722 2926 publicae
740 2833 941 2922 privataeque
956 2829 1073 2897 litterae
1087 2828 1201 2897 Rotnae
1214 2828 1291 2899 lunt
1299 2880 1311 2914 ,
1336 2834 1387 2899 ni·

580 2953 670 3022 hilne
695 2954 728 3016 id
745 2945 891 3016 valebit?
921 2943 1021 3025 nihil,
1044 2941 1147 3012 invito
1174 2948 1308 3013 consule
1331 2950 1387 3013 de·

580 3064 716 3152 ignatn.
741 3062 830 3140 Quid
841 3038 993 3145 judices?
1008 3056 1238 3137 munimina,
1255 3078 1323 3125 non
1335 3070 1386 3127 te·-

579 3177 662 3259 stes,
685 3196 751 3245 non
768 3174 1034 3271 existimationem
1050 3173 1161 3258 populi
1176 3168 1320 3239 Romani
1336 3172 1385 3240 se·

579 3290 747 3382 quentut?
770 3306 847 3355 non.
870 3284 979 3354 omnia
999 3288 1033 3352 in
1054 3283 1150 3351 unius
1165 3280 1327 3369 potestate
1346 3282 1384 3352 ἑο

545 3398 802 3517 gmn'deratlone
824 3410 1002 3469 vertentur.
1033 3397 1121 3467 Vere
1143 3394 1276 3482 loquar,
1294 3396 1386 3483 judi·

470 3522 472 3531 '
578 3542 644 3587 ces.
677 3514 882 3587 vehementer
901 3534 955 3580 me
973 3510 1044 3580 haec
1070 3528 1121 3578 ren
1140 3513 1386 3579 commovebat?

580 3630 733 3719 Optimus
754 3632 841 3700 enim
862 3630 993 3718 quisque
1013 3626 1059 3694 ita
1076 3626 1303 3715 loquebaturne
1323 3624 1380 3691 ille
