3650 4350
536 475 602 562 17⁶
697 468 755 540 IN
787 469 831 550 Q.
865 465 1216 540 cAEcnIVtt

537 647 667 727 Caecili,
693 667 759 712 non
776 645 878 732 potest
896 648 934 714 in
958 645 1162 712 accusando
1179 643 1272 710 foetor
1283 665 1325 712 un

536 762 766 840 defendereis,
781 763 926 846 quicum
942 780 1008 826 reo
1021 761 1212 824 criminum
1224 759 1326 830 socient

494 872 729 958 asconjunstus
752 875 808 941 est.
846 875 1025 960 Mancipes
1050 893 1074 937 a
1098 872 1326 958 civitatssonrpr

536 994 700 1056 frumento
712 988 884 1072 pecuniam
899 997 1113 1074 exegerunt.
1156 985 1271 1064 Quint
1282 987 1327 1064 lut,

536 1103 642 1170 Verre
652 1110 810 1187 praetore,
823 1100 950 1167 foetum
966 1101 1016 1168 est
1032 1100 1187 1167 solum?
1211 1099 1330 1178 nomtt

535 1218 636 1282 etiarn
652 1214 809 1301 quaestore
822 1214 970 1282 caeoitio.
1003 1215 1108 1292 Quid
1123 1213 1259 1299 igitur?
1273 1216 1332 1280 datu·

536 1351 592 1394 rus
609 1350 643 1394 es
659 1329 735 1392 huic
754 1327 899 1406 crimini,
923 1331 1014 1412 quod
1032 1327 1076 1394 ὅτ
1097 1327 1242 1412 potuisti
1256 1329 1333 1412 prohi-

535 1444 613 1508 bere
622 1489 631 1519 ,
647 1463 687 1506 ne
700 1440 813 1520 fieret,
830 1442 864 1508 δι
880 1441 1047 1508 debuisti?
1075 1462 1122 1506 an
1137 1451 1253 1507 totum
1266 1442 1294 1506 it
1304 1461 1335 1506 to·

533 1554 687 1638 linques?
716 1556 803 1639 Ergo
822 1557 854 1620 id
877 1555 1014 1620 omnino
1029 1551 1170 1620 Verres
1193 1557 1230 1620 in
1246 1555 1335 1639 judicit
1364 1537 1367 1548 ¹

534 1667 591 1731 suo
611 1689 675 1732 non
695 1670 824 1744 audiet,
847 1669 932 1751 quod
954 1688 1030 1732 cum
1050 1649 1228 1745 faciebat,
1251 1688 1337 1752 quen·

534 1783 708 1846 admodum
731 1781 917 1846 defensurus
934 1779 1012 1847 effet
1025 1827 1036 1859 ,
1064 1801 1138 1846 non
1164 1783 1338 1867 reperiebat.

474 1913 522 1971 11
537 1896 646 1979 Atque
668 1917 728 1978 ego
744 1895 831 1970 hoec,
855 1914 929 1977 quae
945 1855 1109 1961 in'medio
1134 1893 1248 1979 pofita
1266 1895 1337 1971 sunt,

535 2029 766 2074 commemoro.
796 2007 877 2075 Sunt
892 2009 956 2072 alia
970 2009 1077 2091 magis
1093 2011 1236 2074 occulta
1249 2010 1337 2076 tom:

536 2144 610 2207 quoc
623 2125 694 2203 itte,
711 2131 748 2187 ut
764 2122 873 2199 iliius,
889 2123 1004 2199 credo,
1023 2121 1159 2187 animos
1176 2130 1280 2207 atque
1292 2123 1339 2187 in·

532 2248 628 2320 petus
643 2239 836 2315 retardaret,
848 2257 923 2301 cum
936 2234 1098 2319 quaestore
1112 2238 1175 2300 suo
1191 2234 1339 2320 benignii-

492 2347 612 2429 smne
628 2350 888 2415 communicavit.
918 2349 1001 2413 Hace
1016 2356 1055 2413 tu
1065 2349 1140 2447 scis·
1159 2350 1206 2415 ad
1221 2371 1277 2415 me
1288 2346 1340 2415 effe

532 2463 659 2525 delata:
683 2480 755 2543 quae
771 2460 794 2523 fi
810 2463 909 2527 velim
923 2464 1089 2546 proferre,
1111 2464 1220 2528 facile
1237 2444 1356 2528 omnen¹

529 2575 729 2655 intelligent,
744 2575 836 2640 vobis
849 2575 935 2639 inter
951 2594 1008 2642 von
1024 2594 1091 2638 non
1107 2579 1213 2641 modo
1231 2577 1340 2643 volun·

528 2696 629 2749 tatem
641 2680 731 2751 fuiffe
741 2686 966 2771 conjunctam,
981 2688 1034 2753 sed
1049 2686 1091 2753 nc
1103 2692 1258 2772 praedam
1273 2690 1339 2775 qui-

528 2801 602 2862 dem
624 2800 729 2862 adhuc
749 2799 813 2865 esse
835 2802 978 2867 divisam.
1010 2801 1227 2885 Quapropter
1243 2799 1273 2867 -fi
1288 2802 1339 2867 tut

526 2912 681 2977 indicium
699 2911 837 2997 postulas
855 2896 944 2992 dari,
970 2916 1059 2998 quod
1074 2924 1190 2979 tecum
1209 2936 1281 2979 una
1296 2917 1339 2981 fe·

526 3028 626 3110 cerit,
642 3026 836 3105 concedo‚s1
852 3028 884 3092 id
899 3028 972 3109 lege
986 3027 1204 3111 permittitur.
1221 3027 1271 3091 srn
1283 3047 1338 3093 au·

524 3150 593 3206 tem
603 3143 643 3205 de
652 3142 855 3243 acpusatione
864 3142 1020 3217 dicimus3
1034 3142 1195 3205 cOncedas
1207 3148 1337 3225 oportet

523 3254 584 3331 iis,
600 3254 658 3339 qui
673 3254 763 3318 nullo
779 3255 835 3318 suo
852 3261 987 3337 peccato
1005 3254 1249 3337 impediuntur,
1271 3274 1335 3339 quo

524 3370 632 3433 minus
654 3368 790 3432 alterius
812 3377 946 3451 peccata
968 3367 1185 3432 demonstrare
1204 3366 1335 3450 poflint.

482 3480 574 3563 35Ac
598 3482 697 3559 vide,
727 3489 888 3565 quantum
917 3482 1154 3545 interfuturum
1181 3478 1222 3542 fit
1249 3481 1334 3543 inter

520 3611 627 3659 meam
642 3604 742 3680 atque
757 3604 851 3661 tuam
866 3594 1114 3663 accusationem.
1142 3593 1214 3677 Ego
1229 3594 1332 3657 etiam

1210 3722 1288 3789 quae
1371 3740 1379 3753 ·
