3650 4350
627 498 746 567 ,rao
777 494 1128 605 uovrurro.
1238 507 1284 589 13

470 678 644 749 umentes
657 656 708 760 '(r1
721 676 779 742 tor
794 675 940 756 veretur)
954 677 1039 759 quor
1055 673 1169 747 araur.
1213 672 1285 739 Ne·

480 804 539 879 gat
554 794 585 880 se
597 793 659 855 alia
673 791 799 883 ratione
816 786 975 878 fastorum
984 836 994 869 ,
1024 794 1109 874 quod
1125 788 1282 873 promisis-

480 911 545 972 set:
568 926 633 970 non
644 887 719 989 plus
733 904 789 969 sua
803 905 939 981 referre,
962 903 1113 988 quamsi,
1137 922 1281 970 cumau-

482 1019 623 1086 {tionem
647 1020 816 1094 venderet,
847 1016 970 1082 domini
995 1015 1093 1099 jussu,
1115 1018 1280 1101 quippiam

480 1131 676 1220 promisisset.
701 1130 922 1223 Destitutione
935 1131 992 1195 illa
1003 1132 1168 1215 perculsus
1176 1132 1276 1207 Quin·
1289 1144 1334 1192 aa
1379 1215 1380 1222 ἵ

481 1251 565 1327 tius,
587 1267 607 1310 a
624 1243 900 1330 Scapulis'paucos
915 1245 984 1309 dies
1000 1248 1123 1311 aufert:
1151 1247 1186 1310 in
1201 1245 1282 1311 Gal·
1367 1286 1373 1306 r

480 1362 560 1426 liam
572 1360 688 1437 mittit,
710 1366 748 1423 ut
760 1374 818 1435 ea,
841 1377 913 1442 quae
929 1359 1167 1443 proscripserat,
1191 1361 1283 1439 veri-

480 1484 572 1540 rent:
585 1474 753 1542 deteriore
766 1478 915 1555 tempore
929 1474 1039 1538 absens
1057 1470 1282 1540 auttionatura

480 1584 627 1671 Scapulis
638 1585 818 1651 difficiliore
827 1588 1013 1653 conditione
1023 1587 1169 1675 dissolvit.
1187 1572 1302 1671 Tunc,

481 1702 726 1787 appellatultro
744 1699 917 1779 Naevium,
939 1712 995 1779 ut,
1018 1701 1169 1786 quoniam
1186 1702 1283 1780 suspi-

482 1822 629 1891 caretur,
652 1814 763 1897 aliqua
775 1815 816 1878 de
825 1815 939 1887 resore
948 1811 1211 1891 controversiam,
1234 1816 1284 1885 vi-

482 1929 596 2005 deret,
628 1934 664 1996 ut
689 1927 958 2009 quamprimum,
988 1926 1134 2011 &quam
1151 1929 1284 1994 minima

433 2049 436 2054 ’
482 2038 717 2110 cum'molestia
732 2046 802 2101 tota
817 2058 869 2101 res
884 2036 1125 2131 transigeretur.
1147 2041 1212 2104 Dat
1226 2042 1282 2106 iste
1291 2050 1326 2097 21

483 2154 628 2218 amicum
642 2152 686 2218 Μ.
698 2150 914 2218 Trebellium:
938 2171 995 2214 nos
1012 2137 1217 2218 communem
1227 2156 1292 2226 ne-'

463 2349 466 2352 Α
484 2266 667 2342 ceffariunr,
691 2267 747 2350 qui
765 2265 855 2329 istius
870 2256 1042 2348 dormierat
1058 2269 1225 2346 educatus,
1248 2268 1284 2335 dc
1407 2317 1412 2345 ,

484 2402 551 2466 quo
573 2381 724 2444 utebatur
750 2377 808 2442 iste
832 2379 1030 2462 plurimum,
1069 2383 1285 2466 propinquum

482 2494 645 2570 nostrum,
681 2489 755 2556 Sex.
779 2493 975 2576 Alphenum.
1027 2493 1090 2559 Res
1115 2496 1287 2562 convenire
1378 2517 1379 2521 ’

483 2609 574 2673 nullo
589 2608 688 2670 modo*
703 2591 848 2688 poterat:
870 2615 1039 2691 propterea
1053 2610 1200 2693 quodhic
1216 2625 1286 2674 rne-
1359 2682 1365 2696 y„

483 2722 627 2786 dicerem
642 2716 798 2802 jatluram
819 2720 926 2784 facere
944 2722 1109 2803 cupiebat3
1140 2722 1198 2812 iiie
1218 2712 1286 2788 rne-¹
1327 2773 1329 2777 ,

484 2834 588 2901 diocri
602 2832 710 2916 praeda
727 2840 897 2896 contentus
911 2853 977 2896 non
993 2842 1073 2897 erat.
1117 2837 1340 2921 Itaque'ex22.

484 2969 525 3011 eo
541 2956 687 3030 tempore
716 2966 767 3010 res
787 2945 850 3010 esse
868 2946 903 3009 in
930 2929 1151 3013 vadimonium·
1173 2953 1288 3033 coepit.

486 3061 568 3126 Cum
591 3060 772 3125 vadimonia
797 3060 882 3144 saepe
898 3059 997 3123 dilata
1017 3059 1133 3138 essent,
1156 3061 1190 3126 dr
1210 3083 1285 3147 cum

485 3151 685 3252 aliquantum
709 3175 863 3256 temporis
887 3175 922 3235 in
938 3192 976 3237 ea
998 3193 1034 3238 re
1052 3173 1129 3238 esset
1140 3177 1286 3244 consum·

484 3296 566 3363 tum,
590 3305 694 3367 neque
707 3288 880 3369 quidquam
891 3285 1175 3370 profestumefl'et:
1199 3290 1288 3351 venit
1317 3334 1319 3339 >

484 3401 526 3463 ad
540 3399 759 3470 vadimonium
768 3399 914 3467 Naevius.
929 3401 1088 3479 Obsecro,
1098 3402 1133 3467 C.
1147 3380 1324 3484 Aquilius)

484 3531 624 3596 vosque,
648 3513 705 3595 qui
721 3512 835 3577 adestis
851 3517 885 3578 in
901 3513 1041 3592 consilio,
1065 3525 1101 3578 ut
1119 3515 1288 3596 diligenter

482 3627 679 3705 attendatis,
711 3637 747 3691 ut
768 3625 925 3711 singulare
951 3649 1052 3712 genus
1076 3629 1216 3708 fraudis,
1238 3629 1285 3724 ¹&
1351 3614 1355 3623 “

1296 3740 1306 3757 Β

1254 3845 1257 3859 l
