3650 4350
516 483 562 572 φ
656 501 676 510 ··
777 479 1069 552 enarro
1128 489 1153 532 ν

516 660 597 743 quid
613 660 684 723 hec
700 656 877 735 festinatio;
909 659 991 744 quid
1014 661 1097 724 haec
1118 658 1312 726 immaturitas

512 782 606 837 tanta
623 771 807 854 fignificat?
829 793 894 835 non
909 771 1003 838 vim?
1027 793 1102 837 non
1117 773 1252 840 scelus?
1269 795 1311 840 nor

515 858 1312 978 latrocinium?nondeniqueomniapotiuaqdffi

516 998 581 1084 jus,
604 1018 699 1082 quam
716 997 878 1076 officium,
900 1019 999 1083 quam
1014 1001 1215 1083 pudorem?
1236 1002 1314 1066 Mittis

515 1113 633 1196 injuffu
644 1114 802 1196 praetoris.
825 1130 890 1196 quo
900 1087 1058 1177 cohfisio?
1078 1112 1316 1196 juffurumscic·

516 1226 597 1297 bas?
618 1225 721 1309 quid?
743 1245 818 1290 cum
833 1223 981 1308 juffiffet,
1002 1235 1077 1291 tum
1096 1228 1239 1293 mittere
1254 1250 1316 1293 non·
1355 1287 1358 1294 ,

516 1362 557 1408 ne
583 1337 736 1422 poteras?
772 1338 992 1403 Postulaturua
1014 1357 1130 1404 erac·
1160 1339 1317 1418 Quando?

516 1454 584 1539 post
595 1454 663 1516 dies
679 1472 768 1517 xxx.
814 1452 939 1535 Nempe
952 1450 976 1514 fi
991 1460 1025 1516 te
1039 1453 1125 1517 nihil
1135 1453 1317 1539 impediretr

513 1568 708 1642 fivoluntas
728 1568 839 1631 eadem
855 1574 1015 1630 maneret:
1046 1565 1243 1656 fiyaleres:
1274 1570 1320 1634 de·

516 1683 615 1763 nique
632 1679 655 1742 fi
670 1680 805 1747 viveres.
850 1678 973 1743 Praetor
985 1675 1129 1762 juffiffct.
1182 1681 1321 1765 Ορῐηοτ,

517 1794 670 1870 siverat,
700 1792 722 1855 fi
739 1794 878 1867 valeret,
910 1790 933 1854 fi
944 1790 995 1874 jus
1009 1793 1152 1871 diceret,
1184 1775 1212 1857 sc
1232 1815 1320 1859 nemo

517 1912 694 1982 recusaret,
717 1907 795 1992 quin
807 1928 848 1969 ex
864 1903 959 1989 ipfius
975 1908 1104 1970 decreto
1118 1905 1157 1972 ὅτ
1174 1908 1322 1974 satisdare

473 2029 507 2089 83
519 2024 552 2089 &
567 2024 719 2105 judicium
733 2021 877 2103 accipere
891 2021 998 2084 vellet.
1043 2004 1147 2097 Nam)
1170 2039 1236 2104 per
1248 2023 1322 2087 deos

515 2138 725 2213 immortales,
747 2131 954 2217 fiAlphenus,
966 2113 1157 2218 procurator
1171 2134 1324 2213 P.Quin·

515 2255 573 2329 tis,
596 2252 655 2315 tibi
673 2262 743 2314 tum
757 2248 928 2323 satisdare„
952 2247 986 2313 δι
999 2246 1156 2331 judicium
1171 2251 1324 2335 accipere

516 2368 631 2437 vellet,
652 2363 791 2446 denique
805 2363 930 2437 ania,
953 2379 1025 2443 quae
1042 2359 1242 2445 postulata,
1274 2364 1324 2429 fa·

515 2499 590 2542 cere
604 2475 768 2552 voluisset,
794 2476 869 2558 quid
883 2472 1020 2556 ageres?
1040 2493 1213 2540 revocares
1233 2498 1321 2557 eum,

515 2610 614 2674 quem
638 2591 671 2653 in
688 2587 837 2652 ¹Galliam
856 2585 1009 2652 miseras?
1044 2588 1090 2652 At
1112 2587 1166 2651 hic
1185 2589 1321 2673 quidem

515 2702 581 2786 jam
598 2705 637 2766 de
654 2703 753 2765 sundo
774 2701 942 2784 expulsus3
968 2699 1033 2783 jam
1056 2699 1156 2765 asnis
1179 2702 1245 2767 diis
1262 2722 1320 2787 pe·

513 2819 643 2882 natibus
655 2836 797 2899 praeceps
809 2813 950 2897 ejectum
970 2813 1034 2896 jam
1045 2819 1056 2887 s
1060 2815 1146 2897 quod
1164 2815 1321 2900 indignis·

514 2931 627 2997 fimum
642 2930 702 3009 est)
722 2930 847 2994 suorum
858 2928 1020 2991 servorum
1040 2929 1208 3005 manibus,
1232 2950 1318 2994 nun-

514 3049 562 3110 tio
578 3055 673 3125 atque
686 3044 818 3126 imperio
835 3052 905 3118 tuo,
919 3018 1057 3105 violatus
1073 3034 1161 3109 esset.
1175 3017 1180 3025 ’
1207 3041 1318 3108 Corti-

515 3182 606 3242 geres
619 3162 700 3235 haec,
721 3157 851 3232 scilicet,
867 3165 904 3217 tu
919 3152 1036 3237 postea.
1062 3154 1112 3225 De
1127 3153 1315 3240 cujusquam

515 3278 583 3342 vita
595 3276 701 3338 dicere
723 3273 839 3340 audes.
862 3268 919 3350 qui
939 3267 1001 3330 hoc
1016 3270 1174 3332 concedas
1190 3266 1315 3333 necesse

514 3390 569 3464 est,
590 3391 637 3452 ita
650 3396 683 3450 te
693 3386 816 3449 caecum
830 3381 1005 3464 cupiditate
1015 3378 1193 3445 &avaritia
1208 3380 1314 3461 fuisse,

514 3513 570 3580 ut,
603 3522 676 3564 cum
694 3497 800 3582 postea
813 3495 888 3579 quid
901 3494 1045 3559 futurum
1058 3492 1150 3571 esset,
1182 3494 1315 3576 ignora·

444 3666 447 3672 .
502 3635 576 3696 ses,
597 3615 865 3680 accidereautem
874 3609 979 3674 multa
990 3607 1125 3694 possent,
1145 3606 1313 3691 spemrna·
