3650 4350
477 435 609 576 ’ξω
738 490 809 559 ru
861 485 1148 559 vcuusu
1246 515 1254 528 ·
1377 507 1380 514 ·

546 666 632 750 quod
657 665 795 732 alterius
814 665 943 750 patponi
966 663 1156 731 testamento
1179 669 1339 751 obtempe-

545 778 650 843 rasset.
679 780 747 844 Das
765 775 982 864 poffeffiouerp
998 778 1047 856 ei,
1064 780 1120 861 qui
1134 798 1200 843 non
1214 780 1342 863 juravit.

443 903 446 909 '
535 882 704 969 'concedet
727 892 913 978 praetorium
931 892 987 957 cst.
1023 890 1152 956 Adimis
1166 900 1206 957 tu
1222 894 1274 972 ei,
1290 893 1345 977 qui

481 1081 483 1085 ¹
543 1006 676 1090 juravit.
706 1005 971 1089 quoexemplo?
1000 1005 1217 1092 Proscriptum
1240 1006 1345 1089 juvat.

546 1118 614 1183 Lex
632 1118 699 1183 est:
722 1137 819 1202 poena
837 1118 894 1183 est.
940 1118 1029 1193 Quid
1044 1120 1085 1182 ad
1104 1138 1200 1195 eum,
1220 1121 1278 1204 qui
1295 1121 1345 1203 jus

545 1231 651 1296 dicit?
678 1231 798 1296 Utrum
817 1232 1042 1315 reprehendis,
1063 1234 1150 1313 quod
1169 1240 1344 1314 patronum

465 1419 468 1424 ,
543 1344 676 1429 juvabat
690 1364 785 1421 eum,
804 1346 948 1427 quitum
965 1344 999 1408 in
1016 1337 1151 1408 miseriis
1172 1354 1262 1422 erat3
1286 1366 1344 1423 an,

545 1459 633 1542 quod
647 1458 778 1525 alterius
786 1458 912 1540 patroni
924 1458 1043 1527 mortui
1054 1458 1254 1523 voluntatem
1268 1479 1346 1523 eon·

545 1572 706 1648 servabat,
733 1590 752 1632 a
771 1590 835 1662 quo
858 1569 1018 1633 summum
1037 1570 1232 1636 beneficium
1250 1580 1345 1637 acre·

543 1682 661 1768 perat?
691 1681 941 1746 Utrum'horum
960 1683 1193 1767 reprehendis?
1221 1685 1265 1748 Et
1283 1685 1343 1751 hoc

538 1805 615 1871 tum
635 1796 675 1859 de
696 1794 770 1859 sella
787 1795 837 1859 vir
853 1795 995 1879 optimus
1017 1798 1124 1876 dixit,
1151 1799 1264 1882 Equiti
1280 1797 1343 1863 Ro·

541 1916 737 1984 matutam
758 1908 897 1991 locupleti
908 1952 919 1984 ,
940 1908 1108 1974 tibertinus
1120 1910 1163 1997 stt
1180 1909 1270 1998 tomo
1291 1910 1343 1975 ire·

540 2022 619 2088 res?
647 2020 883 2088 Omodestum.
896 2022 1060 2099 ordinem,
1082 2024 1167 2106 quod
1181 2023 1272 2088 illinc
1294 2023 1344 2088 vi·

416 2143 421 2147 ’
477 2153 527 2211 125
544 2158 602 2205 vus
617 2135 774 2202 surrexit!
806 2133 930 2200 Poiium
951 2126 1099 2201 sexcenta
1120 2137 1249 2203 decreta
1265 2157 1343 2221 pro·

539 2252 645 2327 serre,
671 2249 705 2313 in
725 2249 861 2334 quibus,
888 2257 928 2312 ut
944 2269 1004 2332 ego
1022 2249 1191 2332 pecuniam
1207 2270 1274 2321 nou
1293 2252 1343 2322 di·

399 2352 410 2371 ⁹
541 2383 614 2428 cam
635 2359 855 2439 interceffiffe,
880 2361 946 2445 ipsa
968 2365 1175 2427 decretorum
1190 2344 1317 2441 nouitas
1329 2411 1362 2443 ,,

538 2476 759 2559 iniquitasque
773 2453 925 2538 declarat.
957 2471 1099 2554 Verum,
1117 2482 1153 2539 ut
1166 2497 1206 2540 ex
1218 2496 1285 2550 uuo
1300 2479 1340 2544 de

538 2589 655 2655 ceteris
678 2570 897 2669 coujesturam
917 2588 1024 2652 iacere
1042 2585 1179 2671 poffitisr
1202 2588 1236 2653 id
1252 2591 1340 2674 quod

471 2710 527 2806 48
539 2702 645 2786 priore
663 2698 791 2764 ustione
810 2698 987 2781 cognostis,
1009 2701 1132 2765 audite.
1176 2702 1213 2768 C.
1230 2700 1340 2796 Sulpi·

536 2816 610 2887 cius
623 2813 786 2896 Olympus
801 2813 876 2877 tuit.
903 2814 938 2877 Is
953 2821 1102 2879 mortuus
1118 2813 1163 2879 est
1177 2814 1213 2880 C.
1224 2812 1339 2881 Sacer-

538 2930 615 2995 dote
631 2933 790 3011 praetore,
812 2925 916 2989 nescio
933 2934 1083 3027 adjuto,
1103 2946 1200 3009 quam
1200 2924 1338 2994 Verres

458 3049 715 3126 praeturum
740 3046 851 3121 petere
879 3032 1038 3169 coeperit
1069 3039 1158 3102 Fecit
1183 3039 1338 3107 heredem

392 3133 405 3152 ”
534 3154 581 3222 Μ.
596 3149 773 3218 octavium
794 3151 957 3234 Ligurem.
993 3127 1100 3235 'Ligur
1121 3151 1350 3221 hereditatem

535 3266 637 3334 adiit.
659 3262 795 3348 poffedit
810 3262 985 3330 Sacerdote
1000 3273 1157 3348 praetore,
1179 3263 1247 3329 fine
1269 3268 1338 3332 ulla

474 3374 760 3452 controversia.
804 3377 1013 3462 Posteaquam
1031 3366 1151 3445 Verres
1171 3352 1338 3461 magistra·

450 3574 453 3580 Ι
531 3496 605 3557 tum
628 3490 724 3568 iniit;
754 3511 795 3556 ex
814 3489 920 3556 edisto
937 3488 1052 3568 istius,
1079 3491 1166 3575 qudd
1192 3489 1337 3558 edictum

525 3600 688 3674 Sacerdos
703 3578 769 3671 uon
782 3581 957 3717 habuerat,
975 3600 1106 3692 Sulpicii
1121 3605 1250 3709 patroni
1264 3603 1333 3673 filia
