3650 4350
590 507 651 578 133
847 485 1142 556 ORATIO

548 665 717 734 mdiffidit.
741 664 825 742 Quae
841 659 1058 742 cumitafint3
1071 664 1381 753 quamnim-temni

588 782 635 844 ita
649 783 688 844 de
703 780 763 842 hac
777 778 934 862 pecunia,
952 778 1058 843 dehis
1077 776 1162 862 ipfin
1186 775 1279 844 H·'S
1296 798 1381 860 iam,

455 893 458 898 ’
589 897 630 962 de
645 907 771 958 tuarum
787 892 972 956 tabularum
988 887 1056 956 fide
1071 891 1383 975 compromissumiae·

555 1025 567 1036 ·
590 1009 688 1082 ceris,
704 1005 861 1068 :rbitrum
875 1003 1037 1081 sumserit,
1048 1014 1227 1088 quantum
1241 1008 1384 1088 aequim&

589 1123 706 1186 melius
728 1116 785 1196 fit,
809 1118 896 1194 dari,
924 1117 1183 1200 repromittive,
1210 1118 1386 1204 fiparerdi

591 1235 676 1312 Quis
697 1233 730 1295 in
750 1232 831 1296 hanc
854 1251 923 1294 rem
949 1230 1012 1296 fuit
1034 1231 1201 1300 arbiter?
1233 1232 1388 1298 Utinamit

590 1350 718 1432 quidem
730 1345 841 1408 Romae
853 1342 944 1408 esset!
961 1343 1146 1410 Romaeest.
1171 1345 1389 1416 Utinamatet

590 1464 635 1528 set
652 1458 836 1541 injudicio!
854 1456 963 1522 Adest.
986 1455 1122 1522 Utinam
1136 1457 1277 1526 sederet
1288 1461 1320 1526 in
1333 1481 1391 1524 con·

590 1574 658 1640 filio
672 1574 707 1637 C.
722 1571 858 1636 Pisonis!
881 1571 957 1654 lpse·
971 1569 1008 1635 C.
1023 1569 1093 1634 Piso
1111 1571 1174 1636 est.
1211 1573 1390 1640 Eundeune

589 1696 626 1752 tu
646 1687 800 1752 arbitrum
819 1683 852 1748 &
869 1684 1010 1766 judicem
1027 1683 1215 1754 sumebas?
1244 1687 1391 1754 eidem&

588 1800 749 1868 infinitam
764 1798 967 1880 largitionem
984 1798 1196 1876 remittebas,
1215 1798 1254 1866 ἂ
1269 1803 1391 1866 eundem

586 1915 621 1980 in
636 1910 880 1994 angussiffimam
890 1911 1062 1980 formulam
1069 1909 1258 1994 spoussonis
1274 1917 1392 1980 conclu·

587 2026 710 2094 debas?
733 2026 815 2101 Quis
825 2043 979 2107 umquam
989 2023 1030 2092 ad
1039 2023 1227 2103 arbitrum,
1243 2039 1392 2111 quantum

586 2143 696 2227 petiit,
710 2147 836 2209 tantum
845 2137 995 2206 abstulit?
1009 2157 1116 2205 nemo.
1130 2150 1304 2223 quantum
1318 2142 1390 2209 enim

587 2257 714 2339 aequius
729 2254 806 2318 esset
817 2253 968 2329 fibidari,
986 2253 1091 2335 petiit.
1113 2252 1167 2317 De
1183 2274 1256 2338 quo
1267 2256 1389 2322 nomine

587 2374 629 2435 ad
645 2370 800 2433 arbitrum
814 2365 920 2443 adisti,
937 2367 977 2430 de
992 2387 1032 2432 eo
1050 2366 1090 2431 ad
1105 2364 1258 2449 judicem
1273 2369 1390 2435 venisti.

544 2504 577 2567 13
589 2482 698 2549 Ceteri
721 2500 795 2542 cum
822 2481 861 2544 ad
883 2479 1025 2562 judicem
1048 2479 1176 2545 causam
1202 2481 1389 2551 lateratim
1426 2470 1428 2477 ’

443 2592 454 2607 “
542 2640 553 2653 .
585 2596 864 2670 animadvertunt,
879 2593 920 2656 ad
933 2592 1088 2660 arbitrum
1101 2593 1322 2677 confugiunt:
1344 2598 1388 2661 hie

584 2709 625 2771 ab
645 2706 765 2771 arbitro
785 2707 826 2770 ad
843 2704 983 2788 judicem
997 2706 1108 2771 venire
1129 2704 1175 2770 est
1193 2688 1316 2775 ausu'sz
1339 2710 1398 2794 qui·

583 2841 660 2885 cum
678 2821 795 2884 dehac
816 2820 972 2903 pecunia,
999 2820 1038 2883 de
1057 2818 1244 2885 tabularum
1258 2823 1329 2889 fide
1342 2816 1388 2887 ἐπ·

581 2935 704 3006 bitrum
717 2930 843 3011 sumsit,
860 2931 1036 3014 judicavit,
1055 2930 1112 3001 fibi
1126 2935 1307 3016 pecuniam
1326 2956 1386 3001 non
1424 2972 1428 2983 ·

582 3048 704 3115 deberi.
725 3048 797 3124 Jam
807 3048 879 3111 duoe
890 3054 998 3129 partes
1011 3045 1113 3111 causae
1126 3046 1384 3113 suntconfestae:

582 3159 802 3231 adnumerasse
817 3160 878 3226 sese
888 3169 1004 3242 negat:
1019 3158 1191 3242 expensum
1199 3137 1310 3227 tuliffe
1322 3184 1387 3229 non

580 3277 678 3352 dicit,
696 3295 772 3338 cum
782 3275 908 3342 tabulas
925 3294 989 3337 non
1001 3274 1129 3341 recitat.
1154 3274 1319 3357 reliquum
1329 3275 1390 3353 est,

578 3398 618 3458 ut
632 3388 819 3472 stipulatum
841 3388 872 3457 se
896 3385 959 3457 effe
974 3387 1070 3451 dicat.
1100 3395 1259 3471 praeterea
1277 3390 1385 3466 enim,

577 3504 848 3586 quemadmodum
865 3511 988 3569 certam
1002 3501 1173 3585 pecuniam
1185 3508 1300 3583 petere
1313 3503 1387 3585 pos·

540 3614 853 3726 5fit,nonreperio.
875 3613 1057 3700 stipulatus
1067 3612 1293 3701 estubitquo
1302 3616 1386 3683 die?
