3650 4350
564 493 609 571 μ
826 485 1126 555 οκΑτισ

564 664 677 731 muitae
697 664 798 727 caniae
815 660 994 727 convenisse
1011 680 1121 738 unum,
1137 660 1178 748 io
1193 662 1314 726 lorum
1326 705 1335 737 ,
1347 667 1384 722 rt·

566 798 629 862 que
644 778 729 842 inter
745 778 775 841 se
795 795 958 857 conguere
975 775 1157 852 videntum
1187 786 1312 839 tamen
1334 793 1383 835 nor
1423 837 1426 842 ,

566 898 690 955 temere
713 890 882 966 creditur,
906 906 1012 970 neque
1033 887 1098 952 levi
1115 878 1325 970 conjei'tura
1346 907 1383 950 rer

568 1003 740 1088 penditur,
762 1022 870 1085 neque
885 1000 975 1066 testis
990 1002 1136 1066 incertos
1152 1004 1320 1075 auditur,
1340 1022 1384 1063 oe·

570 1136 634 1199 que
654 1115 846 1179 accusatoris
865 1115 995 1198 ingenio
1014 1133 1066 1178 res
1080 1113 1282 1198 judicatur.
1316 1114 1384 1179 Con

572 1232 676 1294 muita
701 1239 796 1293 antea
818 1225 981 1291 commiffa
1002 1225 1192 1304 maleficia,
1223 1236 1304 1291 turn
1327 1227 1384 1291 vin

572 1342 711 1409 hominis
725 1339 949 1424 perditiisnna,
965 1349 1037 1404 tum
1056 1334 1236 1421 finkuluds
1256 1340 1385 1404 audacia

573 1454 757 1540 ‘ostendatur
773 1453 896 1518 necesse
912 1453 978 1538 este
995 1472 1099 1536 neque
1112 1455 1264 1543 audacie
1280 1454 1386 1534 solum,

572 1567 626 1631 sed
648 1566 790 1633 summus
813 1569 904 1633 furor
920 1578 1018 1648 atque
1034 1565 1189 1631 amentia.
1217 1568 1296 1631 haec
1314 1588 1385 1632 curn

573 1676 636 1744 fint
658 1679 790 1753 omniu,
813 1693 922 1744 tamen
944 1678 1066 1746 exstent
1088 1687 1222 1762 oportet
1243 1677 1386 1764 expressa

574 1792 703 1858 sceleris
721 1791 872 1874 vestigia,
885 1793 956 1866 ubi,
972 1811 1033 1875 qua
1051 1792 1196 1868 ratione,
1215 1813 1386 1877 perquer,

576 1926 641 1989 quo
664 1915 809 1991 ternpore
830 1904 1025 1971 maleficium
1046 1903 1287 1988 sctfladmiffum.
1315 1926 1384 1989 qun

557 2052 559 2058 ·
576 2017 634 2085 nifi
650 2019 752 2085 multa
764 2018 798 2087 ἂ
814 2018 981 2085 manifesta
997 2018 1082 2096 sunt,
1092 2014 1309 2103 profectiores
1320 2031 1384 2085 tarn

577 2131 725 2210 scelesta,
751 2140 818 2196 tuor
841 2141 959 2210 atrox,
983 2139 1050 2198 turn
1067 2131 1189 2198 nefaria
1206 2134 1302 2198 credi
1321 2154 1385 2200 nou

534 2260 568 2326 ⁶3
578 2245 690 2332 potest.
706 2246 821 2328 Magna
834 2245 878 2312 est
890 2247 977 2312 enirn
989 2247 1037 2311 vis
1049 2245 1283 2311 humanitatis:
1298 2251 1385 2312 mul·

576 2369 648 2424 tum
669 2360 754 2424 valet
771 2359 958 2423 communio
982 2358 1168 2440 sangoinicc
1194 2360 1386 2428 reclamitat

575 2471 755 2539 istiusmodi
771 2471 1001 2552 suspicionibus
1014 2471 1079 2554 ipsa
1093 2479 1229 2537 natura:
1247 2485 1385 2554 porten-

576 2592 648 2649 tum
660 2596 760 2666 utque
775 2583 950 2648 monstrum
959 2580 1162 2649 certiiiirnum
1171 2583 1231 2661 est,
1242 2583 1310 2651 ess'e
1323 2588 1387 2651 elie

490 2728 498 2745 =
577 2716 673 2781 quem
692 2697 833 2763 hnmana
851 2697 955 2780 specie
971 2696 1005 2763 δι
1027 2697 1150 2781 figura,
1171 2697 1228 2782 qui
1246 2707 1383 2768 tantum

475 2825 480 2838 ·
576 2809 778 2876 immanitate
792 2809 906 2876 bestias
922 2810 1056 2887 vicerit,
1074 2821 1130 2889 ut,
1148 2820 1280 2896 propter
1296 2834 1383 2896 quos

575 2924 660 2992 hanc
683 2920 891 2989 suavisfimarn
908 2925 1015 2990 lucem
1033 2923 1226 3009 adspexerit,
1248 2947 1309 2989 eos
1326 2927 1383 2994 iu·

562 3025 753 3120 'digniffime
767 3036 841 3101 luce
857 3037 1007 3119 privarit:
1024 3058 1097 3102 curn
1112 3039 1209 3101 etiarn
1223 3038 1312 3102 ferus
1326 3041 1381 3105 ine'

575 3158 626 3214 ter
644 3150 705 3217 sese
723 3159 832 3236 partus
848 3158 946 3241 utque
959 3151 1108 3215 educatio
1124 3149 1290 3218 &natura
1310 3143 1398 3235 ipsa'

508 3279 563 3364 23
575 3264 736 3330 conciliet.
766 3262 842 3329 Nun
854 3264 900 3327 ita
914 3263 1025 3329 multis
1040 3271 1120 3328 anto
1132 3263 1242 3339 annis,
1264 3263 1378 3344 ajout,

531 3366 618 3463 ⁶4.T·
629 3377 779 3462 Cloelium
798 3377 959 3471 quendam
970 3374 1249 3454 Tarracinensem,
1264 3376 1377 3441 homi·

572 3511 647 3555 nem
663 3510 727 3555 non
747 3490 937 3567 obscurum,
958 3511 1032 3555 cum
1052 3488 1200 3556 coenatus
1221 3490 1376 3574 cubitum

569 3603 604 3672 in
620 3603 705 3673 idun
720 3606 872 3673 conclave
885 3624 959 3673 oum
973 3594 1098 3673 duobus
1113 3604 1372 3673 adolescentibus

409 3780 412 3787 ·
449 3762 567 3806 Α
