3650 4350
538 457 582 532 'so
804 409 1090 531 ornato
1213 463 1217 492 ²

538 645 715 723 geruntur,
739 635 895 713 Quintius
910 638 1035 705 interea
1053 639 1265 726 contraius,
1285 657 1349 722 copi

536 752 749 828 suetudinem,
772 750 877 815 edissa
891 761 1079 836 praetorum,
1103 757 1149 822 de
1162 757 1255 823 saltu
1268 768 1347 843 agro·¹

538 887 602 951 que
618 865 780 930 communi
796 885 815 928 a
829 866 927 933 servis
942 869 1178 936 communibus
1197 872 1234 938 vi
1251 873 1346 938 detra*

496 982 636 1093 7ditur.
680 967 844 1057 Existimo,
866 979 903 1045 C.
923 981 1060 1065 Aquini,
1081 983 1240 1051 modo&
1258 987 1345 1050 ratio·

535 1112 578 1161 ne
602 1094 711 1159 omnia
736 1093 847 1157 Romae
872 1090 1022 1159 Naevium
1049 1096 1185 1175 iecisse,
1219 1097 1247 1162 fi
1275 1100 1344 1177 hor,

535 1211 624 1295 quod
638 1227 695 1291 per
712 1208 840 1271 litteras
853 1206 942 1271 istius
965 1206 1129 1274 in'Gallia
1143 1211 1279 1296 gestum
1293 1212 1344 1292 es,

534 1321 622 1386 reste
638 1330 736 1404 atque
761 1321 872 1386 ordine
893 1319 1015 1385 fastum
1031 1321 1179 1389 videtur.
1229 1327 1342 1410 Expul-

529 1437 582 1500 sus
599 1442 696 1517 atque
715 1432 835 1515 ejectus
851 1435 1002 1516 epraedio
1014 1432 1190 1516 Quintius,
1214 1447 1340 1525 accepta

530 1546 645 1631 infigni
659 1547 787 1629 injuria,
810 1548 955 1632 confugit
968 1549 1008 1613 ad
1025 1548 1060 1614 C.
1071 1548 1229 1616 Flaccum
1243 1553 1340 1637 impe·

517 1653 688 1736 notorem,
712 1661 768 1745 qui
788 1668 858 1724 tum
872 1659 990 1739 eratin
1006 1662 1196 1744 provincia:
1227 1688 1340 1751 quern,

530 1779 569 1839 ut
580 1773 679 1858 ipsius
697 1777 835 1857 dignitas
852 1774 966 1857 poscit,
1001 1776 1134 1840 honoris
1157 1780 1271 1860 gratia
1285 1801 1339 1846 no·

478 1897 520 1985 ¹‘29
533 1890 631 1953 mino.
662 1890 696 1955 Is
712 1908 783 1953 eam
797 1910 876 1966 rem,
892 1908 990 1972 quarn
1004 1890 1217 1968 vehementer
1235 1895 1339 1962 vindi-

530 2005 664 2068 candam
690 2004 839 2087 putarit,
870 2025 911 2066 ex
935 2004 1071 2068 decretis
1094 2002 1163 2087 ejus
1184 1992 1339 2091 'poteritis

528 2119 729 2202 cognoscere.
781 2116 948 2201 Alphenus
971 2118 1094 2184 interea
1118 2118 1236 2186 Romae
1263 2143 1337 2188 curn

525 2234 586 2298 isto
598 2233 776 2317 gladiatore
786 2233 896 2297 vetulo
911 2233 1053 2315 quotidie
1062 2220 1239 2317 pugnabat.
1265 2245 1337 2302 ute·

527 2349 624 2414 batur
640 2348 759 2429 populo
777 2346 850 2409 sane
865 2345 938 2424 suo,
961 2355 1119 2431 proptera,
1143 2351 1234 2430 quud
1249 2348 1336 2434 [iste]

526 2467 625 2543 caput
638 2466 747 2542 petere
762 2479 825 2521 non
842 2457 1013 2523 definebat.
1057 2458 1119 2524 Iste
1132 2454 1337 2543 postulabat,

524 2581 566 2636 ut
579 2572 957 2655 procuratorjudicatum
970 2572 1048 2639 solvi
1067 2572 1244 2638 satisdaret.
1275 2598 1334 2642 ne·

522 2692 579 2767 gat
605 2683 790 2771 Alpheum,
823 2706 954 2769 aequum
971 2683 1055 2764 esse,
1083 2688 1332 2768 procuratorem

522 2798 683 2874 satisdare,
706 2801 793 2881 quod
809 2820 883 2863 reus
897 2799 1044 2864 satisdare
1059 2819 1124 2863 non
1138 2782 1284 2880 deberet,
1306 2800 1332 2867 si

518 2912 585 2996 ipse
599 2911 728 2977 adesset.
778 2912 970 2997 Apellantur
994 2912 1135 2978 tribuni:
1171 2915 1329 2997 aquibus

519 3047 595 3091 curn
612 3025 689 3092 esset
703 3035 830 3092 certum
847 3026 1004 3093 auxilinm
1018 3026 1173 3109 petitum,
1200 3027 1249 3090 ita
1276 3037 1330 3092 ta·

520 3159 596 3204 rnen
623 3139 811 3218 disceditur,
840 3149 877 3204 ut
897 3140 1004 3203 idibus
1028 3137 1267 3222 Septembribus
1287 3140 1332 3206 Ρ.

521 3255 695 3330 Quintium
721 3253 783 3317 fissi
818 3250 891 3317 Sex.
915 3251 1083 3335 Alphenus
1108 3252 1326 3334 promitteret.

479 3366 619 3459 gVenit
634 3368 770 3435 Romam
788 3365 965 3441 Quintus:
998 3365 1214 3430 vadimonium
1230 3363 1323 3433 fistit.

473 3481 600 3557 30Iste,
631 3483 729 3545 homo
743 3480 936 3555 acerrimus,
972 3479 1128 3543 bonorum
1154 3477 1324 3561 possessor,

474 3620 487 3699 '.
517 3587 680 3682 expulsor,
703 3603 850 3679 ereptor,
872 3610 994 3661 annum
1011 3594 1045 3661 dc
1064 3592 1116 3658 sex
1128 3593 1252 3659 menses
1267 3593 1322 3691 ni·

904 3722 906 3726 '
1228 3702 1275 3771 hil
