3650 4350
609 429 955 505 acr1ou1s11
992 434 1091 501 ιη.
1123 435 1152 500 1.
1219 434 1302 524 2⁶1.-

476 614 637 680 steterunt
646 655 657 689 ,
673 610 773 675 habes
786 606 1102 694 quomodoemerin
1128 608 1217 686 haec,
1233 608 1283 674 in-

479 746 605 812 quam,
629 726 717 800 duo,
744 743 817 807 quae
840 724 874 786 in
894 724 1018 790 aedibus
1037 723 1102 785 tuis
1126 720 1191 787 sola
1207 724 1282 806 ‚iam

478 840 554 906 sunt
566 883 578 917 ,
598 855 674 922 quae
702 834 856 902 sestorenr
881 833 1087 920 exspeiiant,
1107 833 1219 899 relitba
1244 854 1283 900 ac

479 951 634 1016 destituta
650 968 669 1014 a
683 950 801 1015 ceteris
815 946 921 1033 ignis.
946 949 1008 1026 At,
1020 950 1134 1025 credo,
1150 948 1184 1011 in
1196 946 1324 1021 hiscem

478 1065 554 1129 solis
568 1064 666 1127 rebus
677 1063 851 1127 indomitas
867 1063 1063 1145 cupiditates
1077 1071 1175 1146 atque
1189 1060 1283 1126 elire-
1292 1040 1324 1095 ⁶²

478 1189 576 1242 natas
591 1176 748 1241 habebat:
767 1169 882 1240 ceterae
899 1175 1049 1238 libidines
1067 1174 1138 1257 ejus
1158 1175 1284 1241 ratione

480 1290 590 1375 aliqua
606 1297 663 1354 aut
676 1290 775 1352 modo
790 1288 1053 1354 continebantur.
1076 1288 1185 1366 Quam
1198 1288 1286 1353 mul·

476 1404 520 1467 tis
543 1401 640 1467 illurn
665 1401 839 1485 ingenuis,
868 1419 966 1487 quam
993 1400 1104 1465 multis
1126 1402 1284 1468 matribus

478 1516 642 1591 familias,
664 1515 698 1579 in
714 1516 770 1582 illa
784 1524 869 1581 tetra
890 1524 987 1600 atque
1004 1515 1130 1601 impura
1148 1514 1286 1600 legatio·

478 1649 542 1707 ne,
567 1629 635 1695 vim
652 1628 795 1695 attuliffe
813 1628 1029 1696 existimatis?
1052 1650 1154 1715 ecquo
1174 1632 1208 1695 in
1228 1649 1287 1716 op·

474 1743 555 1834 'pido
564 1744 680 1827 pedem
694 1743 815 1836 poluit,
829 1742 886 1806 ubi
902 1762 968 1807 non
983 1744 1078 1826 plura
1090 1743 1287 1830 stuprorum,

478 1856 743 1940 flagitiorumque
760 1855 912 1930 suorum,
933 1873 1033 1938 quam
1058 1856 1218 1922 adventus
1237 1857 1287 1922 lui

479 1967 613 2053 vestigia
629 1966 822 2054 reliquerit?
844 1963 907 2031 Sed
920 1986 979 2049 ego
994 1967 1122 2043 omnia,
1138 1988 1213 2051 quae
1229 1989 1288 2034 ne·

480 2082 552 2166 gari
571 2092 750 2167 poterunt,
773 2079 1046 2167 praetermittatur
1074 2082 1172 2146 etiam
1195 2080 1298 2166 hae'c,

480 2215 555 2281 quae
568 2195 740 2263 certiffima
752 2196 826 2262 sunt
839 2195 873 2261 dr
888 2191 1075 2271 clariffima,
1093 2196 1287 2283 relinquam:

480 2330 583 2376 unum
598 2312 729 2394 aliquod
742 2311 782 2375 de
797 2309 928 2375 nefariis
941 2308 1033 2379 illius
1047 2307 1141 2374 fallis
1156 2310 1288 2390 eligam

481 2443 547 2513 quo
574 2424 703 2489 facilius
727 2425 768 2488 ad
795 2421 937 2488 Siciliam
962 2419 1073 2507 pollini
1096 2424 1287 2509 aliquando,

480 2555 555 2620 quae
577 2537 657 2600 mihi
675 2537 738 2605 hoc
759 2538 884 2617 oneris,
907 2537 1095 2621 negotiique
1112 2533 1287 2619 imposuit,

442 2705 449 2717 .
478 2649 661 2733 pervenire.
685 2649 849 2739 Oppidum
866 2649 911 2716 est
928 2651 961 2714 in
976 2650 1182 2736 Hellesponto
1191 2649 1285 2714 Laru-
1298 2651 1324 2719 63

479 2761 632 2846 placurn,
658 2762 801 2846 judices,
823 2763 857 2826 in
878 2763 991 2848 primis
1009 2761 1093 2829 Alae
1114 2765 1288 2847 provinciae

481 2875 605 2940 clarum
620 2875 656 2942 dr
670 2877 802 2943 nobile:
821 2876 970 2941 homines
990 2878 1100 2942 autern
1118 2875 1174 2961 ipli
1194 2876 1291 2941 Lam·

480 2987 610 3073 placeni
624 2998 693 3056 tum
712 2991 833 3055 summe
849 2991 884 3054 in
898 3009 1012 3055 omnes
1029 2991 1115 3056 cives
1125 2990 1288 3054 Romanos
1314 2982 1320 2991 “

480 3098 640 3180 officiosi,
673 3116 745 3169 tuna
769 3110 929 3188 practerea
957 3103 1099 3167 maxime
1127 3102 1226 3166 sedati
1254 3094 1311 3168 δι’

481 3213 609 3297 quieti,
639 3235 740 3300 prope
770 3225 889 3302 praeter
911 3221 1037 3278 ceteros
1061 3196 1102 3280 ad
1128 3207 1290 3280 sumntum
1322 3212 1324 3217 ’

464 3313 672 3409 ‘Graecorum
687 3331 794 3413 otium,
805 3330 931 3415 potius,
947 3347 1044 3411 quam
1058 3330 1097 3392 ad
1109 3316 1210 3391 ullam
1223 3329 1291 3396 viru

478 3447 542 3503 aut
562 3444 736 3509 tumultum
755 3442 1002 3523 accommodati.
1044 3441 1192 3520 Accidit,
1215 3465 1295 3516 oum

478 3541 539 3652 ilie
562 3571 584 3620 a
605 3555 664 3626 Cn.
686 3556 857 3626 Dolabella
880 3553 1104 3640 efflagitasset,
1134 3563 1172 3622 ut
1200 3565 1234 3647 se
1259 3558 1300 3631 ad

892 3660 896 3669 .
976 3734 978 3738 Α
1038 3667 1109 3754 Rss
1197 3708 1200 3712 Ι
