3650 4350
431 506 444 551 ¹
535 536 580 603 74
796 509 1089 585 OR'ATIO'
1199 512 1202 516 ’

534 688 687 771 lingulati
698 689 872 769 maleficio,
883 696 971 776 quod
987 694 1034 757 ita
1048 712 1123 757 roro
1142 688 1286 766 exstitit,
1305 698 1346 765 ut,

535 802 701 885 fiqunndo
728 806 875 869 auditum
896 804 953 883 fit,
983 806 1129 891 portenti
1153 824 1195 868 ac
1214 804 1347 887 prodigii

495 946 530 1005 33
538 914 638 982 {imile
650 928 855 995 numeretur,
877 920 1134 1003 quibustundem
1147 927 1197 996 te,
1224 911 1349 983 C.Eru·

536 1032 586 1107 ci,
610 1032 806 1116 argumentis
822 1013 1036 1106 accusatorem
1050 1033 1163 1098 censes
1183 1032 1242 1096 uti
1260 1051 1350 1114 opor·

533 1144 630 1209 tere?
665 1145 781 1210 Nonne
798 1144 832 1210 ἃ
851 1147 1025 1211 audaciam
1039 1146 1126 1228 ejus,
1160 1146 1279 1229 quiin
1295 1144 1351 1206 cri·

535 1279 611 1323 men
631 1267 779 1335 vocetur,
803 1258 997 1342 fingnlarem
1015 1258 1202 1337 ostendere3
1230 1256 1270 1323 δι
1286 1279 1352 1321 mo·

537 1392 589 1435 res
603 1374 688 1434 feros
704 1372 944 1455 immanemque
956 1382 1118 1450 naturam,
1128 1371 1165 1435 δι
1179 1372 1292 1445 vitam
1308 1371 1351 1433 vi·

479 1509 482 1515 ³
498 1508 501 1512 ’
536 1484 593 1547 tiis
610 1484 801 1569 flagitiisque
815 1487 964 1551 omnibus
979 1487 1130 1562 deditam,
1154 1484 1191 1551 ὅτ
1206 1485 1350 1567 denique

533 1598 646 1661 omnia
663 1600 702 1661 ad
717 1599 892 1680 perniciem
907 1599 1077 1681 profligata
1086 1606 1183 1681 atque
1193 1595 1350 1681 perdita?

536 1732 678 1796 quorum
689 1718 727 1775 tu
743 1712 823 1775 nihil
836 1714 869 1776 in
884 1692 1126 1790 Sex.Roscium,
1149 1731 1191 1775 ne
1202 1711 1350 1795 objcien-

533 1826 569 1888 di
585 1827 714 1907 quidem
732 1827 842 1902 causa,
862 1825 1035 1891 contulisti·

473 1962 527 2047 14
603 1939 729 2003 Patrem
746 1939 863 2003 occidit
871 1937 945 2004 Sex.
961 1940 1103 2004 Roscius.
1130 1936 1199 2014 Qui
1216 1935 1348 2002 homo?

493 2053 804 2116 39'Adolescentulus
825 2060 1016 2138 corruptus,
1047 2050 1136 2117 &ab
1156 2052 1348 2116 hominibus

534 2171 673 2251 nequam
693 2164 872 2233 indubius?
901 2186 1003 2233 annos
1024 2175 1120 2231 natue
1136 2165 1242 2247 magis
1261 2186 1346 2249 qua·-

534 2283 692 2364 dragintn.
745 2278 850 2346 Vetus
878 2282 1029 2346 videlicet
1050 2277 1203 2355 dinarius,
1241 2279 1344 2343 homo

414 2461 421 2467 ,
533 2398 654 2471 audax,
677 2394 710 2459 δι
727 2395 807 2477 saepe
820 2395 854 2456 in
869 2396 958 2459 caede
974 2391 1129 2460 uersatus.
1160 2401 1194 2454 at
1211 2392 1276 2456 hoc
1301 2394 1342 2457 ab

532 2508 716 2572 accusatore
737 2527 779 2571 ne
798 2507 860 2570 dici
877 2507 1007 2589 quidem
1029 2504 1173 2571 audistis.
1228 2504 1345 2571 Luxu·

491 2650 498 2657 ·1
532 2620 596 2684 ries
612 2620 711 2701 igitur
725 2620 888 2693 hominem
900 2622 1070 2697 nimirum,
1099 2617 1134 2685 ἃ
1150 2618 1224 2682 aeris
1239 2619 1345 2684 alieni

531 2734 731 2814 magnitudo,
755 2732 966 2798 &indomitae
983 2733 1082 2799 animi
1094 2731 1290 2815 cupiditates
1302 2734 1345 2797 ad

529 2845 594 2912 hoc
606 2847 709 2911 scelus
734 2847 947 2931 impulerunt.
993 2847 1044 2912 De
1062 2841 1195 2911 lux'ucia
1211 2830 1343 2928 norga-

530 2960 579 3026 vit
593 2960 752 3036 Erucius,
774 2980 848 3024 cum
864 2961 957 3037 dixit,
978 2961 1067 3050 hunc
1079 2979 1120 3023 ne
1136 2959 1170 3024 in
1186 2949 1341 3024 convivio

529 3075 660 3159 quidem
669 3075 736 3138 ullo
744 3075 811 3139 fere
821 3072 1010 3140 interfuisse.
1046 3071 1136 3138 Nihil
1145 3078 1253 3137 autem
1264 3092 1340 3137 um·

529 3208 626 3272 quam
639 3185 761 3278 debuit.
805 3188 1008 3272 cupiditates
1020 3206 1117 3272 porro
1127 3206 1200 3271 quae
1210 3183 1340 3268 poffunt

528 3299 593 3366 effe
614 3301 648 3365 in
663 3321 722 3377 eo,
757 3301 814 3385 qui
834 3302 896 3382 (ut
918 3302 985 3385 ipse·
1005 3278 1172 3366 accusator
1191 3297 1338 3384 objecit)

460 3388 476 3400 κ
527 3415 596 3481 ruri
609 3414 736 3498 semper
745 3412 949 3492 habitarit&
960 3415 993 3478 in
1009 3434 1085 3498 agro
1099 3413 1234 3478 colendo
1246 3414 1339 3478 vixe-
1374 3494 1379 3503 Ι

527 3525 598 3591 rit?
619 3546 692 3610 quae
709 3529 777 3593 vita
786 3503 926 3594 maxime
942 3525 1334 3617 disjnnituacupiditate,
1372 3526 1376 3543 ⁴

461 3635 571 3720 ’φά
592 3659 666 3706 cum
692 3639 800 3708 officio
823 3641 1005 3727 conjunsta.
1051 3641 1143 3721 'Quae
1164 3650 1215 3707 reu
1236 3638 1338 3724 igitur
