3650 4350
584 525 650 590 ωε
779 478 1209 578 ruvirum

582 681 817 758 traumerendis
834 659 993 746 recusare.
1037 677 1197 747 Tametfi
1222 681 1270 746 de
1287 679 1391 748 absolu·

584 800 676 863 tione
693 795 781 860 istius
795 815 900 879 neque
916 792 979 878 ipse
988 794 1059 878 jam
1072 793 1206 878 sperat,
1224 814 1293 860 nec
1309 814 1391 880 popu·

585 912 642 978 lus
658 904 824 974 R'omanus
840 907 981 971 metuit:
1005 908 1046 972 de
1061 908 1287 992 impudentia
1308 905 1394 992 fingu-

585 1025 667 1102 lari,
690 1023 776 1106 quod
796 1020 903 1098 adest,
928 1022 1015 1103 quod
1030 1020 1237 1104 respondet,
1266 1021 1393 1107 suntqui

586 1138 769 1206 mirentur:
788 1134 886 1208 mihi,
903 1153 961 1218 pro
979 1143 1089 1199 cetera
1104 1133 1183 1216 ejus
1200 1136 1348 1200 audacia
1359 1146 1397 1200 at·

586 1274 652 1338 que
666 1247 824 1325 amentia,
847 1269 888 1312 ne
908 1248 972 1313 hoe
993 1248 1131 1331 quidem
1146 1247 1347 1314 mirandum
1360 1252 1397 1314 vi-

587 1368 694 1431 detur.
716 1362 819 1428 multa
838 1361 925 1425 enim
939 1358 974 1426 tr
993 1347 1027 1424 iri
1042 1362 1125 1425 deor
1140 1359 1178 1425 δι
1197 1360 1239 1425 in
1256 1361 1396 1427 homines

587 1477 705 1562 Impie,
727 1475 911 1557 nefarieque
932 1472 1111 1538 commifitt
1136 1491 1292 1558 quorum
1313 1476 1395 1542 scelt·

544 1651 546 1658 .
587 1612 662 1657 rum
677 1589 782 1672 poenis
797 1590 955 1670 agitatur,
972 1587 1036 1651 &a
1052 1596 1185 1663 mente,
1202 1586 1394 1674 confilioque

549 1704 769 1797 gdeducitur.
808 1701 926 1782 Agunt
950 1719 1025 1765 eum
1054 1700 1273 1783 precipitem
1297 1715 1397 1787 poenae'

560 1806 707 1885 7civium
715 1815 952 1890 Romanorum
968 1832 1050 1896 quos
1065 1813 1188 1896 partim
1207 1816 1320 1900 securi
1334 1837 1394 1900 per·

585 1929 700 2009 cuffit,
724 1930 841 2013 partim
865 1929 898 1990 in
922 1927 1058 1991 vinculis
1080 1927 1246 2002 necavit,
1285 1930 1393 2013 partim
1430 1917 1432 1922 ’

583 2047 793 2130 implorantes
806 2041 877 2123 jura
891 2039 1050 2106 libertatis
1065 2036 1264 2106 &civitatis
1278 2044 1315 2107 in
1329 2063 1394 2107 cru·

584 2183 656 2226 cem
670 2157 802 2223 sustulit.
827 2154 969 2237 Rapiunt
986 2173 1060 2218 eum
1076 2153 1117 2216 ad
1137 2153 1341 2238 supplicium
1353 2157 1392 2223 dii

583 2271 706 2359 patrii3
729 2271 816 2354 quod
836 2267 891 2332 iste
910 2267 1066 2331 inventus
1087 2265 1155 2343 est,
1183 2269 1247 2352 qui
1268 2292 1289 2334 e
1310 2291 1392 2335 com-

584 2387 865 2471 plexu‘parentum
879 2380 1028 2462 abreptos
1043 2377 1128 2442 filios
1144 2382 1187 2443 ad
1201 2401 1325 2448 necem
1337 2387 1392 2448 du·

585 2506 694 2574 ceret,
707 2495 748 2562 ’δι
765 2501 912 2578 parentes
929 2492 1070 2575 pretium
1086 2487 1143 2574 pru
1165 2493 1337 2577 sepultura
1354 2497 1391 2561 li·

580 2610 696 2680 berum
711 2608 864 2692 posceret.
903 2602 1087 2687 Religiones
1108 2624 1206 2684 vero,
1233 2627 1388 2674 caeremo·

582 2725 710 2808 niaeque
725 2721 869 2788 omnium
884 2718 1063 2794 sacrorum,
1085 2719 1307 2803 fanorumque
1325 2722 1387 2787 rio·

581 2840 676 2912 latae,
695 2832 929 2914 fimulacraque
944 2832 1080 2895 deorum
1093 2874 1103 2907 ‚
1118 2850 1191 2914 quae
1207 2852 1278 2899 nun
1293 2835 1386 2899 modo

583 2972 625 3019 ex
642 2950 706 3013 iuis
721 2946 850 3028 templis
863 2943 970 3008 ablata
986 2943 1075 3021 funt,
1094 2943 1147 3009 sed
1164 2945 1266 3012 etiam
1279 2946 1386 3030 jacent

582 3065 619 3129 in
642 3060 807 3135 tenebris,
830 3058 869 3121 ab
898 3054 958 3120 isto
984 3056 1104 3122 retrusa
1133 3065 1230 3140 atque
1254 3061 1387 3138 abdita,

582 3157 748 3241 consistere
775 3168 846 3252 ejus
876 3170 1021 3235 animum
1049 3167 1114 3235 fine
1145 3152 1255 3238 furore
1286 3181 1387 3256 atque

542 3298 568 3356 '8
582 3289 722 3354 amentia
743 3304 807 3347 non
823 3279 940 3345 finunt.
984 3279 1099 3365 Neque
1114 3282 1172 3348 iste
1187 3284 1271 3349 mihi
1294 3284 1387 3352 vide·

579 3406 637 3466 tur
662 3396 703 3463 ses
716 3399 757 3460 ad
777 3395 1015 3460 damnationem
1037 3391 1152 3461 offerre
1169 3395 1299 3476 solum,
1324 3418 1386 3463 ne·

579 3531 644 3594 que
657 3512 722 3574 hoc
741 3508 884 3575 avaritiae
904 3508 1054 3590 supplicio
1076 3511 1258 3588 communi,
1278 3510 1384 3596 quise

577 3629 629 3689 tot
647 3622 815 3689 sceleribus
838 3620 1067 3701 obstrinxerit,
1095 3630 1267 3689 contentus
1297 3622 1385 3693 effer
