3650 4350
589 500 654 567 262
783 495 856 565 IN
906 492 1196 563 VERREM

589 689 697 754 regem
714 669 947 747 Nicomedem,
963 689 1138 754 regemque
1152 668 1302 737 Sadalam
1320 671 1395 734 mit·

588 794 690 861 teret,
704 788 844 868 cumque
857 785 920 848 iter
930 785 992 848 hoc
1006 782 1062 849 srbi
1072 784 1175 867 magia
1183 786 1224 852 ad
1236 784 1394 867 quaenum

590 898 699 974 suum,
721 918 819 981 quam
836 900 878 963 ad
905 898 1091 981 reipublicae
1113 906 1243 982 tempus
1266 917 1397 963 accom-

592 1013 757 1077 modatum
779 1009 1024 1095 depoposciffet3
1047 1019 1085 1076 ut
1100 1011 1156 1075 illo
1170 1011 1288 1076 itinere
1306 1014 1398 1077 veni·

591 1133 644 1192 ret
667 1125 899 1211 Lampsacum,
924 1145 1001 1190 cum
1022 1143 1137 1207 magna
1158 1126 1343 1191 calamitate
1363 1125 1397 1191 δι

590 1260 691 1326 prope
710 1239 853 1324 pernicie
876 1239 1028 1304 civitatis.
1074 1232 1255 1303 Deducitur
1278 1238 1337 1303 iste
1358 1241 1397 1305 ad

591 1354 770 1435 Janitorem
783 1354 958 1441 quendam
987 1352 1167 1434 hospitem:
1195 1331 1396 1436 comitesque

592 1466 663 1549 ejus
681 1468 866 1549 item·apud
882 1475 1007 1531 ceteros
1026 1466 1166 1548 hospites
1186 1466 1395 1533 collocantur.

589 1578 639 1648 Ut
658 1601 730 1643 moe
751 1572 822 1643 erat
837 1577 945 1655 istius,
968 1586 1069 1661 atque
1089 1588 1126 1642 ut
1140 1600 1219 1643 eum
1236 1580 1301 1643 suan
1325 1581 1395 1644 libb.

469 1751 474 1768 ,
591 1695 683 1758 dines
703 1690 868 1773 flagitiosae
891 1692 998 1756 sacere
1020 1685 1261 1769 admonebant,
1290 1692 1394 1760 statim

590 1806 761 1888 negotium
771 1805 898 1871 dntillis
908 1806 971 1870 suis
984 1806 1174 1883 comitibus,
1189 1806 1395 1890 nequiffimis,

507 1904 510 1912 ¹
527 1906 531 1918 ⁸
590 1918 843 2005 turpissimisque
856 1920 1062 1998 hominibus,
1080 1921 1131 1985 uti
1148 1920 1279 1988 videant
1298 1920 1332 1988 δι
1348 1923 1394 1988 iu·

525 2066 530 2079 ·
592 2034 770 2117 vestigent,
785 2052 888 2118 ecqua
904 2034 994 2117 virgo
1010 2031 1048 2099 fit
1054 2079 1065 2110 ,
1081 2041 1140 2099 aut
1156 2035 1274 2102 mulier
1289 2034 1395 2118 digna,

451 2136 457 2150 ’
590 2150 804 2234 quamobrem
819 2148 1059 2233 ipse-Lampsaci
1074 2148 1196 2214 diutius
1216 2168 1395 2215 commore-

530 2275 657 2363 25tur.
680 2264 760 2328 Erat
770 2283 880 2332 comes
893 2262 964 2345 ejus
978 2262 1118 2328 Rubrius
1132 2263 1283 2346 quidam,
1297 2264 1393 2329 homo

553 2370 697 2444 uranus
715 2378 756 2441 ad
771 2375 862 2444 istius
879 2377 1047 2452 libidines,
1073 2377 1129 2458 qui
1143 2377 1227 2440 miro
1243 2376 1394 2455 artificio,

583 2503 795 2576 'quocumque
814 2498 960 2567 venerat,
983 2490 1053 2556 haec
1074 2489 1266 2573 investigare
1288 2492 1396 2556 omnia

590 2605 722 2670 solebat.
759 2605 793 2670 Ie
809 2605 938 2670 adeum
955 2624 1024 2671 rem
1039 2603 1130 2668 istam
1139 2605 1264 2670 desert:
1286 2605 1394 2672 Philo-

589 2720 720 2785 damum
736 2715 799 2782 esse
822 2721 1001 2801 quendam,
1019 2736 1155 2800 genere,
1178 2718 1321 2798 honore,
1340 2740 1395 2784 con

588 2829 669 2917 piis,
691 2831 926 2899 existimatione
940 2832 1037 2897 sacile
1051 2831 1228 2914 principem
1246 2832 1395 2917 Lampsa·

551 2961 553 2966 ’
589 2962 765 3012 cenorum:
788 2926 858 3026 ejus
881 2942 944 3011 effe
961 2943 1083 3022 filiam,
1109 2958 1280 3029 quaecum
1300 2955 1401 3032 patre¹

440 3066 445 3078 ‘
583 3058 772 3135 habitaret,
797 3069 968 3143 propterea
987 3061 1074 3143 quod
1092 3059 1196 3122 virum
1214 3079 1280 3123 non
1294 3052 1395 3124 liabe-

587 3181 639 3239 ret
648 3219 658 3249 ,
668 3173 839 3238 mulierem
853 3168 972 3239 eximia
986 3172 1243 3256 pulchritudine3
1257 3171 1310 3238 sed
1320 3191 1393 3238 eam

585 3285 709 3350 summa
731 3286 935 3369 integritate,
962 3285 1183 3370 pudicitiaque
1204 3284 1393 3353 existimari.

588 3398 714 3477 Homo,
728 3409 765 3463 ut
778 3399 849 3463 haec
862 3398 1003 3485 audivit,
1011 3395 1053 3462 fic
1067 3397 1182 3463 exarsit
1194 3401 1234 3463 ad
1247 3400 1293 3476 id,
1302 3399 1392 3482 quod

584 3529 652 3579 non
667 3515 764 3578 modo
777 3511 841 3596 ipse
855 3532 1031 3597 numquam
1046 3513 1191 3589 viderat,
1206 3512 1260 3577 sed
1274 3533 1318 3578 ne
1331 3531 1391 3578 au·

583 3624 686 3689 dierat
705 3627 836 3717 quidem
857 3629 896 3716 ab
915 3648 955 3693 eo
967 3641 979 3708 ,
1007 3621 1151 3713 qui‘ipse
1172 3625 1321 3710 vidisset,
1348 3632 1386 3692 ut
