3650 4350
531 529 598 599 ιφ,
720 501 1168 581 oronnam
1291 519 1296 531 ·

532 712 599 779 que
612 685 792 776 grssiffimo
813 687 947 753 nomine
967 686 1121 789 sapientis
1138 683 1337 794 apponatur,

532 808 604 874 tac
624 805 755 871 scientis
776 803 880 887 pollet
900 820 978 868 uns.
1024 802 1112 879 Qnae
1133 825 1215 869 vero
1234 812 1338 874 mode·

532 921 640 989 ssndis
656 918 906 1002 cupiditatibus,
928 917 1140 1000 regendisque
1155 921 1263 985 animi
1278 941 1340 1016 mo·

531 1037 620 1102 tibus
639 1034 810 1109 landatur,
839 1028 911 1112 ejus
933 1030 979 1095 est
995 1050 1117 1097 munus
1137 1032 1175 1097 in
1199 1037 1340 1117 agendos

528 1150 585 1214 eni
599 1145 820 1232 temperantiae
832 1164 951 1212 nomen
965 1144 1023 1238 est.
1062 1146 1177 1230 Atque
1189 1147 1251 1213 illa
1267 1168 1340 1233 pru·

396 1329 399 1338 ,
531 1265 641 1328 dentis
655 1262 689 1325 io
707 1260 770 1325 suis
788 1261 899 1337 rebus,
921 1257 1112 1337 domesticap
1135 1258 1170 1323 in
1191 1263 1341 1345 publicis,

484 1383 521 1453 17
533 1376 636 1441 civilis
648 1374 800 1459 appellari
813 1373 901 1439 solet.
938 1371 1169 1456 Temperantia
1187 1376 1343 1442 autemid

530 1490 606 1560 suas
619 1489 731 1553 itidem
744 1508 797 1552 rea
809 1485 844 1553 dr
857 1488 892 1553 in
904 1508 1092 1552 commones
1104 1487 1277 1555 distributa
1287 1488 1340 1569 est,

532 1602 723 1687 duobusque
742 1602 848 1667 modis
865 1602 899 1666 in
919 1602 1013 1667 rebus
1028 1601 1209 1666 commodis
1226 1604 1343 1669 diseer·
1382 1665 1384 1670 .

519 1718 641 1796 ,nitur3
664 1715 699 1781 ἃ
722 1735 777 1793 ea,
802 1733 874 1798 quae
894 1715 1025 1792 absunt,
1049 1735 1115 1780 non
1138 1719 1342 1798 expetendo,

533 1830 569 1897 dr
583 1831 622 1894 ab
636 1830 695 1906 iis,
718 1848 793 1912 quae
809 1829 842 1891 in
860 1829 1015 1912 potestate
1031 1829 1116 1907 sont,
1138 1828 1340 1897 abstinendo.
1382 1851 1384 1858 ·

527 1945 573 2021 'ln
595 1944 690 2010 rebus
709 1951 819 2007 sutem
841 1943 1055 2009 incommodis
1076 1942 1120 2009 est
1140 1943 1255 2008 itidem
1282 1947 1341 2011 du·
1363 2022 1365 2026 ¹

530 2060 619 2149 plex.
647 2077 723 2125 nam
733 2077 808 2141 quae
821 2057 1022 2123 venientibus
1034 2057 1127 2122 malis
1139 2055 1261 2137 obstat,
1275 2060 1342 2126 ior·

529 2176 659 2256 titudo;
681 2193 767 2260 quat,
789 2175 876 2256 qnod
885 2169 953 2255 jam
964 2170 1062 2249 adest,
1083 2169 1250 2239 tolerat&
1264 2193 1339 2258 per·

529 2291 613 2373 ient,
635 2286 792 2374 patientia
805 2287 1002 2351 nominatur.
1047 2286 1131 2362 Quae
1143 2294 1253 2352 autem
1268 2287 1339 2375 iraee

529 2418 599 2476 uno
617 2419 736 2484 genere
758 2398 1000 2482 eompleffltur,
1023 2399 1216 2483 magnitudo
1238 2400 1341 2466 animi

491 2488 494 2500 Ι
530 2514 670 2583 dieiturt
694 2509 789 2595 eujus
797 2512 841 2577 est
849 2513 1034 2591 liberalitas,
1056 2514 1090 2577 iu
1103 2513 1161 2580 usu
1176 2512 1338 2596 pecunias

531 2625 688 2711 fimulque
699 2625 837 2691 altitudo
848 2626 964 2704 animi,
986 2626 1021 2691 in
1034 2628 1198 2711 capiendis
1212 2627 1340 2694 menm-

531 2740 638 2809 modis
662 2738 697 2806 dr
718 2739 1024 2824 maximeinjuriia:
1054 2739 1088 2806 dr
1111 2759 1227 2821 omne,
1250 2743 1340 2827 quod

532 2852 577 2921 est
600 2853 669 2939 ejus
691 2854 836 2937 generis,
858 2853 1160 2938 grave,·sedatnm,
1181 2873 1249 2921 noo
1264 2864 1340 2922 tur·

484 2986 519 3051 78
531 2966 710 3047 bulentum.
754 2968 795 3032 In
811 2968 1040 3048 communione
1058 2976 1166 3033 sutem
1186 2988 1261 3052 qnae
1278 2986 1341 3054 po·

529 3081 589 3150 fita
604 3100 677 3170 pars
689 3079 746 3160 eit,
764 3080 882 3165 justitia
893 3083 1026 3160 dicitnr,
1038 3101 1142 3166 eaque
1155 3098 1232 3166 erga
1246 3085 1339 3164 deos,

528 3195 675 3281 religios
685 3214 763 3283 erga
778 3200 942 3281 parantes,
964 3196 1068 3281 pietas
1078 3196 1208 3280 „vulgo
1223 3204 1338 3264 sutem

529 3310 677 3380 mattam
699 3309 829 3377 creditis
848 3310 884 3376 iu
899 3312 999 3376 rebus·
1012 3308 1112 3388 fides,
1134 3310 1169 3374 io
1187 3311 1339 3377 modera-

529 3424 621 3492 tione
634 3424 911 3492 snimsdsertendi
925 3423 1054 3501 lenitas,
1076 3422 1221 3497 amicitia
1232 3424 1266 3490 in
1279 3426 1339 3494 be·

462 3540 519 3628 23
528 3529 912 3619 nivole'ntianomlnator.
946 3537 1056 3624 Atque
1065 3538 1117 3603 hae
1130 3537 1261 3627 quidem
1271 3537 1339 3616 vir·

521 3660 615 3726 tates
626 3663 810 3730 demantur
825 3654 864 3732 m
878 3653 1022 3744 agendo.
1047 3647 1262 3717 Suntautem
1271 3648 1366 3711 aias.
